2817 4459
330 275 414 342 14
1118 253 1226 320 On
1269 254 1410 321 Old
1435 254 1622 343 Age.
2059 272 2238 344 [ΕΔΤ.
2270 273 2421 341 MAJ.

325 449 672 516 Caecilius
707 461 726 490 ‘
753 450 1050 516 comicos
1084 452 1319 517 stultos
1351 452 1601 528 seneS‚'
1631 453 1765 518 hoc
1795 450 2138 540 significat
2182 451 2423 516 credu-

325 550 455 624 los,
490 550 882 624 obliviosos,
920 552 1321 627 dissolutos3
1369 573 1547 638 quae
1590 552 1754 616 vitia
1800 563 1955 616 sunt
2001 573 2139 616 non
2186 571 2424 617 senec·-

325 650 509 724 tutis,
570 649 692 713 sed
754 648 1014 724 inertis,
1074 649 1396 736 ignavae,
1464 651 1968 716 somniculosae
2028 650 2416 716 senectutis.

324 747 422 813 Ut
452 748 850 834 petulantia,
887 759 961 813 ut
992 750 1201 814 libido
1236 750 1460 836 magis
1494 762 1596 815 est
1629 750 2169 815 adulescentium
2214 770 2419 834 quam

325 869 595 922 senum,
650 868 780 912 nec
832 829 1063 912 tamen
1118 848 1425 913 omnium
1482 843 2051 922 adulescentium,
2105 849 2229 913 sed
2283 869 2420 912 non

146 945 735 1045 .w39·⁸‘proborum;
786 947 885 1011 sic
916 947 1044 1012 ista
1092 948 1327 1012 senilis
1375 950 1680 1055 stultitia,
1718 969 1895 1035 quae
1942 947 2252 1044 deliratio
2303 967 2423 1032 ap-

144 1039 175 1058 x„

325 1046 566 1133 pcllari
629 1047 825 1121 solet,
893 1068 1135 1111 senum
1200 1047 1453 1112 levium
1515 1059 1640 1123 est,
1709 1057 1847 1112 non
1908 1047 2236 1112 omnium.
2328 1058 2421 1105 37.

327 1145 667 1230 Qattuor
698 1147 1008 1211 robustos
1034 1146 1234 1221 filios,
1262 1148 1563 1233 quinque
1590 1147 1792 1221 filias,
1823 1157 2080 1210 tantam
2106 1146 2415 1221 domum,

323 1259 543 1312 tantas
599 1246 952 1310 clientelas
1001 1244 1270 1331 Appius
1318 1247 1604 1333 regebat
1650 1258 1717 1312 et
1764 1266 2013 1311 caecus
2061 1255 2128 1309 et
2173 1266 2410 1309 senex.

324 1346 665 1411 Intentum
713 1346 896 1411 enirn
945 1346 1248 1411 animum
1281 1357 1629 1433 tamquam
1664 1366 1899 1412 arcum
1934 1344 2253 1418 habebat,
2291 1364 2420 1408 nec

323 1447 783 1534 languescens
865 1446 1356 1511 succumbebat
1433 1445 1786 1511 senectuti.
1890 1444 2207 1509 Tenebat
2281 1464 2418 1508 non

324 1548 527 1613 modo
577 1546 1069 1620 auctoritatem,
1105 1545 1226 1610 sed
1265 1545 1469 1609 etiam
1504 1543 1863 1647 impexjgm
1897 1543 1967 1610 in
2000 1564 2202 1608 suos:
2253 1553 2421 1607 met-

322 1648 577 1712 uebant
629 1647 835 1722 servi,
886 1646 1295 1710 verebantur
1349 1644 1570 1719 liberi,
1621 1607 1861 1709 &iarum
1914 1662 2154 1710 omnes
2211 1641 2421 1707 habe-

322 1747 527 1812 bant:
577 1747 855 1834 vigebat
885 1746 954 1809 in
987 1746 1105 1810 illa
1139 1745 1344 1810 domo
1378 1765 1525 1808 mos
1558 1743 1817 1830 patrius
1849 1754 1914 1810 et
1946 1740 2331 1826 disciplina.

408 1861 501 1909 38.
547 1845 648 1911 Ita
682 1846 864 1911 enim
897 1856 1212 1911 senectus
1262 1845 1548 1909 honesta
1597 1854 1722 1916 est,
1759 1843 1815 1907 si
1863 1863 1936 1907 se
1983 1841 2135 1926 ipsa
2182 1840 2421 1906 defen·-

321 1945 442 2020 dit,
499 1946 554 2011 si
599 1946 712 2035 jus
764 1967 964 2011 suurn
1018 1945 1283 2018 retinet,
1321 1943 1378 2008 si
1431 1942 1687 2007 nemini
1740 1940 2130 2026 mancipata
2181 1950 2307 2014 est,
2361 1938 2419 2006 si

319 2066 537 2131 usque
594 2047 682 2111 ad
737 2046 1051 2110 ultimum
1108 2044 1418 2130 spiritum
1475 2042 1863 2118 dominatur
1914 2041 1984 2105 in
2042 2062 2225 2106 suos.
2324 2039 2420 2106 Ut

321 2144 503 2208 enim
540 2146 1047 2210 adulescentem
1081 2143 1149 2207 in
1184 2165 1321 2230 quo
1354 2154 1457 2207 est
1489 2143 1702 2220 senile
1737 2141 2017 2228 aliquid,
2048 2140 2148 2205 sic
2179 2160 2416 2205 senem

319 2243 388 2307 in
422 2266 558 2331 quo
592 2237 693 2310 'est
725 2243 981 2331 aliquid
1016 2234 1473 2310 adulescentis
1498 2214 1761 2329 ffibo:
1810 2244 1993 2331 quod
2031 2232 2147 2330 qui
2193 2243 2419 2331 sequi·

319 2353 426 2407 tur
460 2365 741 2431 corpore
773 2366 988 2410 senex
1021 2365 1172 2409 esse
1206 2335 1473 2430 poter'it,
1512 2328 1740 2410 animo
1773 2331 2148 2432 numquam
2182 2345 2325 2412 erit.

412 2444 758 2529 Septimus
795 2445 957 2508 mihi
991 2445 1165 2509 liber
1201 2443 1570 2531 Originum
1600 2456 1701 2510 est
1744 2445 1817 2511 in
1866 2448 2224 2514 manibust
2272 2468 2418 2513 om·-

318 2546 435 2609 nia
483 2543 897 2630 antiquitatis
947 2557 1385 2610 monumenta
1436 2545 1753 2632 conligo:
1804 2567 2163 2613 causarum
2204 2547 2416 2612 inlus-

317 2645 547 2718 trium,
575 2665 1044 2730 quascumque
1076 2644 1377 2720 defendi,
1409 2666 1591 2709 nunc
1618 2667 1773 2710 curn
1802 2647 2102 2712 maxime
2128 2647 2416 2713 conficio

317 2744 698 2818 orationes;
759 2743 873 2831 jus
937 2744 1328 2830 augurium,
1387 2745 1839 2830 pontificium,
1895 2747 2095 2812 civile
2156 2758 2412 2822 tract03

317 2844 606 2908 multum
646 2842 849 2907 etiam
886 2842 1173 2908 Graecis
1208 2844 1444 2909 litteris
1477 2855 1650 2919 utor,
1690 2844 2414 2934 Pythagoreorumque

318 2964 507 3006 more
555 2944 984 3008 exercendae
1034 2945 1403 3009 memoriae
1455 2944 1703 3031 gratia,
1754 2945 1917 3031 quid
1968 2967 2237 3032 quoque
2300 2946 2412 3011 die

317 3041 634 3118 dixerim,
671 3044 1030 3119 audierim,
1060 3045 1348 3132 egerim,
1377 3065 1839 3109 commemoro
1864 3046 2154 3130 vesperi.
2256 3045 2412 3111 Hae

318 3152 474 3206 sunt
520 3143 1041 3208 exercitationes
1089 3143 1352 3231 ingeni,
1393 3143 1568 3208 haec
1598 3140 1956 3208 ⁴curricula
2006 3145 2291 3210 mentis:
2340 3145 2409 3210 in

318 3240 423 3305 his
458 3241 803 3307 desudans
837 3254 1039 3330 atque
1073 3245 1435 3308 elaborans
1471 3243 1772 3328 corporis
1796 3244 1955 3308 viris
1991 3266 2126 3309 non
2156 3265 2410 3331 magno

315 3362 522 3425 opere
558 3342 895 3407 desidero·
962 3342 1230 3408 Adsum
1266 3342 1548 3407 amicis:
1599 3342 1800 3407 venio
1833 3343 1900 3407 in
1936 3355 2245 3408 senatum
2280 3345 2411 3407 fre-

315 3461 558 3527 quenS,
608 3442 918 3528 ultroque
975 3439 1228 3507 adfero
1258 3464 1367 3507 res
1416 3442 1701 3505 multum
1751 3453 1818 3506 et
1869 3442 1987 3507 diu
2040 3443 2397 3529 cogitatas,

317 3562 571 3627 easque
617 3552 810 3606 tueor
843 3542 1050 3606 animi
1086 3565 1221 3607 non
1257 3541 1557 3626 corporis
1591 3540 1869 3605 viribus.
1972 3540 2167 3625 Qas
2202 3542 2253 3606 si
2291 3564 2409 3605 ex-

315 3639 508 3726 sequi
556 3641 936 3727 nequirem,
972 3653 1199 3705 tamen
1237 3662 1342 3705 me
1377 3640 1664 3704 lectulus
1701 3661 1891 3705 meus
1925 3642 2291 3705 oblectaret
2324 3661 2405 3704 ea

315 3739 464 3824 ipsa
512 3740 925 3827 cogitantem
973 3762 1150 3828 quae
1191 3740 1333 3827 jam
1386 3759 1593 3825 agere
1639 3760 1777 3803 non
1818 3759 2130 3823 possem3
2182 3741 2300 3805 sed
2335 3750 2408 3804 ut

316 3839 571 3923 possim
634 3839 796 3905 facit
857 3852 1006 3905 acta
1056 3840 1220 3905 vita.
1317 3838 1609 3921 Semper
1660 3838 1842 3901 enirn
1893 3837 1960 3902 in
1993 3839 2119 3903 'his
2171 3839 2406 3903 studiis

315 3938 795 4027 laboribusque
840 3940 1090 4005 viventi
1139 3961 1277 4004 non
1323 3936 1740 4025 intellegitur
1785 3939 2061 4025 quando
2123 3939 2407 4024 obrepat

2650 834 2676 865 ῑι

2466 861 2652 1012 an
