2817 4459
385 231 422 279 2
1177 209 1285 279 On
1329 210 1472 279 Old
1496 211 1678 300 Age.
2121 231 2296 303 [CA-r.
2326 234 2477 302 MAJ.

383 421 730 478 senectute
793 409 1129 477 misimus.
1260 407 1558 476 Omnem
1625 420 1852 475 autem
1914 432 2300 477 sermonem
2365 412 2479 477 tri-

381 511 654 577 buimus
702 533 839 577 non
887 512 1216 586 Tithono,
1251 521 1327 575 ut
1370 508 1605 575 Aristo
1653 510 1865 586 Ceus,
1893 532 2249 597 ——parum
2294 514 2478 577 enim

383 622 562 677 esset
609 611 1024 676 auctoritatis
1059 610 1126 674 in
1160 610 1422 684 sabula,
1443 646 1524 658 -
1554 611 1675 674 sed
1710 610 1815 674 Μ.
1853 610 2099 675 Catoni
2134 611 2307 687 seni,
2343 615 2502 697 quov

382 710 712 798 majorem
777 710 1245 775 auctoritatem
1309 709 1591 773 haberet
1653 710 1893 774 oratio.
1988 708 2199 794 Apud
2273 732 2479 796 quem

383 808 703 874 Laelium
740 821 807 875 et
837 808 1234 894 Scipionem
1270 807 1560 873 facimus
1594 808 1991 891 admirantis
2024 810 2203 895 quod
2248 810 2307 874 is
2338 822 2477 874 tam

381 908 585 973 facile
647 919 1065 974 senectutem
1132 908 1330 982 serat,
1397 907 1632 993 eisque
1696 930 1853 972 eum
1919 910 2471 993 respondentem.

385 1006 528 1093 Qi
578 1007 634 1073 si
686 1007 1014 1072 eruditius
1065 1006 1403 1072 videbitur
1455 1007 1805 1091 disputare
1859 1029 2067 1095 quam
2126 1008 2479 1074 consuevit

380 1107 528 1192 ipse
577 1107 648 1171 in
694 1106 836 1171 suis
882 1106 1095 1182 libris,
1151 1106 1491 1171 attribuito
1540 1105 1772 1172 litteris
1818 1106 2132 1181 Graecis,
2184 1128 2476 1194 quarum

381 1216 646 1272 constat
705 1226 863 1271 eum
926 1206 1428 1290 perstudiosum
1484 1205 1694 1270 fuisse
1742 1206 1813 1270 in
1862 1217 2232 1271 senectute.
2332 1206 2490 1272 Sed‘

380 1307 544 1393 quid
576 1327 749 1392 opus
782 1316 884 1371 est
917 1302 1159 1390 plura?
1242 1303 1402 1390 Jam
1439 1304 1621 1368 enim
1654 1305 1869 1389 ipsius
1917 1305 2202 1371 Catonis
2249 1327 2476 1372 sermo

380 1428 467 1471 ex
520 1406 752 1471 licabit
782 1418 1082 1470 nostram
1116 1425 1391 1468 ornnem
1427 1404 1512 1469 de
1546 1416 1892 1469 senectute
1926 1405 2356 1469 sententiam.

471 1526 549 1571 11.
599 1521 656 1569 4.
704 1505 973 1570 Sermo.
1059 1503 1289 1589 Saepe
1346 1524 1636 1574 numero
1697 1503 2020 1568 admirari
2082 1505 2270 1570 soleo
2316 1526 2475 1570 cum

381 1606 512 1671 hoc
538 1604 619 1671 C.
647 1604 892 1670 Laelio
926 1625 1084 1668 cum
1118 1615 1498 1668 ceterarum
1525 1624 1751 1667 rerum
1778 1614 1964 1668 tuam
1993 1605 2471 1685 excellentem,

382 1704 488 1768 M.
534 1704 733 1778 Cato,
785 1703 1295 1790 perfectamque
1341 1701 1969 1785 sapientiam,·tum
2017 1703 2126 1767 vel
2176 1704 2475 1769 maxime

379 1804 564 1890 quod
596 1824 972 1891 numquam
1004 1801 1122 1867 tibi
1157 1814 1575 1867 senectutem
1608 1823 1893 1889 gravem
1927 1823 2078 1867 esse
2110 1804 2471 1880 senserim,

292 1907 295 1912 ⁴
379 1924 556 1990 quae
602 1903 946 1989 plerisque
978 1901 1257 1967 senibus
1290 1901 1392 1966 sic
1422 1901 1661 1967 odiosa
1695 1913 1796 1966 est
1826 1912 1900 1966 ut
1929 1922 2107 1967 onus
2140 1924 2214 1967 se
2247 1901 2475 1969 Aetna

379 2002 658 2089 gravius
678 2002 910 2067 dicant
929 2001 1285 2066 sustinere.
1354 1999 1591 2067 CATO·
1630 1999 1812 2066 Rern
1839 2001 2025 2066 haud
2045 2021 2211 2067 sane
2234 2001 2476 2089 Scipio

379 2113 446 2167 et
482 2101 708 2177 Laeli,
745 2102 1120 2176 difficilem,
1158 2100 1483 2166 admirari
1514 2100 1867 2165 videmini.
1969 2100 2241 2187 Qibus
2290 2104 2473 2168 enim

378 2201 548 2266 nihil
596 2213 699 2267 est
742 2201 813 2266 in
861 2200 1027 2287 ipsis
1058 2201 1209 2286 opis
1243 2201 1332 2266 ad
1365 2201 1542 2265 bene
1573 2201 1910 2289 beateque
1940 2197 2338 2279 vivendum,
2375 2204 2476 2269 eis

378 2293 602 2367 omnis
629 2312 817 2367 aetas
844 2301 1077 2388 gravis
1097 2312 1239 2365 est:
1284 2299 1401 2387 qui
1431 2313 1658 2365 autem
1680 2301 1911 2365 omnia
1935 2301 2116 2368 bona
2145 2324 2185 2367 a
2211 2325 2284 2369 se
2309 2304 2476 2390 ipsis

379 2388 640 2487 petunt,
676 2401 760 2466 iis
794 2400 963 2465 nihil
999 2411 1218 2486 potest
1250 2399 1510 2464 malum
1544 2400 1759 2466 videri
1793 2401 1978 2488 quod
2025 2414 2309 2468 naturae
2357 2426 2477 2470 ne-

380 2501 658 2566 cessitas
686 2500 972 2565 adferat.
1073 2498 1237 2586 Qo
1263 2499 1333 2563 in
1357 2522 1615 2587 genere
1641 2512 1744 2566 est
1768 2501 1836 2565 in
1864 2502 2102 2587 primis
2127 2516 2469 2580 senectuS‚

380 2622 587 2686 quam
619 2611 692 2664 ut
725 2600 1186 2684 adipiscantur
1227 2620 1468 2664 omnes
1514 2610 1771 2685 optant,
1809 2602 2099 2666 eandem
2149 2615 2479 2670 accusant

382 2700 651 2784 adepti:
701 2710 888 2765 tanta
934 2709 1037 2764 est
1083 2698 1401 2788 stultitiae
1450 2698 1905 2765 inconstantia
1952 2713 2155 2788 atque
2202 2724 2478 2788 perver-

381 2799 570 2863 sitas.
668 2797 1021 2884 Obrepere
1084 2798 1272 2862 aiunt
1319 2818 1472 2862 eam
1524 2798 1721 2863 citius
1767 2821 1974 2885 quam
2022 2802 2469 2886 putavissent.

381 2898 716 2973 Primum,
769 2898 921 2984 quis
973 2898 1197 2984 coegit
1245 2918 1364 2963 eos
1415 2897 1663 2962 salsum
1718 2898 2001 2984 putare?
2095 2899 2236 2986 Qi
2293 2903 2475 2968 enim

383 2998 579 3063 citius
636 2998 1140 3063 adulescentiae
1195 3009 1512 3063 senectus
1567 3020 1775 3085 quam
1824 3000 2155 3085 pueritiae
2206 3003 2478 3068 adules-

383 3098 608 3163 centia
662 3095 972 3182 obrepit?
1065 3096 1362 3172 Deinde,
1417 3097 1535 3183 qui
1592 3098 1815 3175 minus
1872 3101 2107 3187 gravis
2161 3113 2343 3168 esset
2395 3102 2477 3168 iis

383 3209 720 3276 senectuS‚
752 3196 809 3261 si
841 3196 1482 3283 octingentesimum
1519 3218 1775 3262 annum
1827 3212 2115 3287 agerent
2162 3223 2369 3289 quam
2418 3202 2474 3268 si

342 3293 922 3383 ,octogesimumi‘
1015 3294 1389 3359 Praeterita
1439 3296 1623 3360 enim
1671 3309 1859 3362 aetas
1905 3301 2221 3385 quamvis
2263 3301 2474 3388 longa

385 3417 542 3460 cum
568 3395 965 3471 effluxisset,
991 3394 1182 3460 nulla
1209 3394 1583 3459 consolatio
1608 3397 2035 3481 permulcere
2059 3411 2291 3485 posset
2314 3402 2475 3465 stul·-

384 3507 524 3562 tam
556 3506 997 3560 senectutem.
1078 3509 1132 3556 5·
1187 3492 1535 3576 Quocirca
1566 3495 1622 3560 si
1656 3496 2062 3582 sapientiam
2096 3520 2319 3564 meam
2355 3502 2475 3566 ad-

385 3593 617 3681 mirari
651 3593 904 3668 soletiS,
934 3614 1111 3680 quae
1144 3593 1405 3657 utinam
1437 3593 1652 3681 digna
1683 3607 1865 3662 esset
1894 3597 2216 3682 opinione
2247 3610 2472 3666 vestra

384 3705 749 3781 nostroque
800 3692 1237 3780 cognomine,
1291 3692 1361 3757 in
1414 3694 1548 3759 hoc
1602 3716 1838 3761 sumus
1894 3696 2238 3783 sapientes
2292 3700 2471 3785 quod

386 3806 700 3858 naturam
750 3803 1098 3877 optumam
1148 3793 1394 3857 ducem
1444 3803 1794 3879 tamquam
1843 3796 2049 3861 deum
2098 3798 2466 3883 sequimur,

386 3892 585 3981 eique
616 3913 977 3979 paremus;
1030 3912 1069 3955 a
1102 3913 1236 3979 qua
1271 3914 1405 3957 non
1431 3892 1574 3958 veri
1608 3893 1827 3960 simile
1861 3906 1986 3972 est,
2016 3917 2175 3962 cum
2207 3909 2468 3965 ceterae
