2817 4459
344 265 428 306 111.
457 252 533 324 8.]
789 232 1105 299 General
1139 232 1539 330 Complaz'nt
1569 234 1665 318 qs
1690 232 1803 299 the
1844 232 2003 299 Old.
2405 250 2447 317 3

342 440 568 518 partes
586 429 822 496 aetatis
841 430 1019 495 bene
1041 429 1426 516 descriptae
1449 429 1603 506 sint,
1619 439 2001 495 extremum
2026 438 2253 494 actum
2275 438 2449 494 tam-

340 551 549 617 quam
607 531 692 594 ab
748 530 946 594 inerti
1001 535 1202 615 poeta
1259 551 1410 595 esse
1464 531 1882 617 neglectum.
2012 528 2159 594 Sed
2211 540 2444 595 tamen

341 650 624 695 necesse
679 629 804 693 suit
857 649 1009 694 esse
1066 628 1325 716 aliquid
1381 643 1790 704 extremum,
1849 640 1917 694 et
1968 640 2320 716 tamquam
2373 630 2443 695 in

340 730 660 795 arborum
683 728 877 793 bacis
900 738 1257 816 terraeque
1276 728 1608 793 fructibus
1632 727 2014 794 maturitate
2038 729 2444 815 tempestiva

338 828 533 917 quasi
573 829 828 893 vietum
866 837 933 893 et
969 828 1335 904 caducum,
1378 830 1564 916 quod
1601 828 1966 893 ferundum
2009 839 2111 893 est
2150 830 2444 895 molliter

339 930 653 1016 sapienti.
700 927 922 1014 ‘Qid
955 940 1057 994 est
1088 929 1271 994 enim
1305 930 1496 995 aliud
1530 929 1910 1017 Gigantum
1946 932 2149 996 modo
2184 931 2440 997 bellare

340 1053 496 1096 cum
531 1029 635 1095 dis
668 1030 797 1094 nisi
830 1041 1116 1094 naturae
1151 1027 1589 1115 repugnare?
1680 1044 1738 1092 θ.
1785 1029 2142 1095 LAELIUS.
2194 1028 2435 1117 Atqui,

339 1130 536 1206 Cat0,
571 1128 1035 1217 gratissimum
1077 1129 1295 1204 nobis,
1328 1139 1403 1192 ut
1446 1128 1652 1193 etiam
1698 1150 1822 1215 pro
1866 1130 2193 1215 Scipione
2239 1131 2437 1216 polli-

339 1251 521 1306 cear,
565 1228 838 1302 seceris,
885 1228 967 1303 si,
1012 1227 1340 1315 quoniam
1387 1249 1746 1313 speramus
1794 1230 2113 1295 volumus
2160 1230 2438 1316 quidem

339 1341 520 1394 certe
568 1349 768 1393 senes
819 1327 989 1401 fieri,
1035 1328 1246 1391 multo
1296 1339 1454 1392 ante
1506 1347 1547 1392 a
1593 1339 1659 1394 te
1707 1329 2145 1394 didicerimus
2189 1328 2438 1415 quibus

337 1428 663 1493 facillime
695 1426 1070 1491 rationibus
1104 1425 1697 1514 ingravescentem
1732 1439 2024 1493 aetatem
2067 1428 2242 1493 ferre
2283 1449 2441 1513 pos-

338 1528 574 1593 simus.
691 1524 924 1591 CATO,
1037 1525 1322 1590 Faciam
1384 1548 1574 1602 ver0,
1635 1525 1860 1602 Laeli,
1921 1527 2318 1613 praesertim
2382 1527 2440 1592 si

336 1628 604 1714 utrique
636 1637 965 1701 vestrum,
1004 1635 1076 1689 ut
1122 1608 1320 1702 dicis,
1358 1638 1629 1713 gratum
1677 1626 1979 1691 futurum
2021 1625 2197 1711 est.)
2243 1626 2440 1691 LAE-

338 1746 524 1792 LIUS.
621 1724 962 1790 Volumus
1011 1746 1205 1802 sane,
1255 1725 1385 1791 nisi
1436 1727 1797 1792 molestum
1845 1738 1970 1802 est,
2015 1726 2217 1802 Cato,
2268 1738 2440 1791 tam-

338 1848 546 1913 quam
610 1826 894 1913 longam
944 1825 1245 1911 aliquam
1292 1826 1479 1890 viam
1542 1826 1922 1891 confeceris
1987 1847 2193 1914 quam
2242 1827 2440 1892 nobis

338 1945 612 2013 quoque
660 1924 1196 2014 ingrediundum
1245 1924 1354 2001 sit,
1389 1926 1565 1991 istuc
1612 1947 1748 2012 quo
1795 1925 2162 2011 pervenisti
2205 1926 2439 1992 videre

338 2027 543 2115 quale
590 2022 780 2126 sits

429 2145 536 2191 111.
631 2131 687 2188 τ’.
750 2124 985 2191 CATO·
1077 2122 1370 2191 Faciam
1426 2135 1503 2191 ut
1562 2135 1823 2212 potero,
1890 2124 2111 2190 Laeli.
2206 2125 2437 2211 Saepe

342 2226 527 2293 enim
602 2224 874 2290 interfui
947 2226 1270 2312 querellis
1334 2225 1725 2313 aequalium
1793 2246 2442 2310 meorum—pares

343 2338 597 2401 autem,
625 2337 854 2389 vetere
889 2325 1270 2409 proverbio,
1300 2345 1458 2390 cum
1492 2324 1771 2410 paribus
1797 2324 2122 2389 facillime
2148 2345 2439 2411 congre-

344 2437 902 2517 gantur—quae
948 2425 1036 2492 C.
1074 2426 1446 2501 Salinator,
1483 2447 1661 2513 quae
1695 2426 1822 2511 Sp.
1859 2424 2181 2501 Albinus,
2222 2427 2440 2492 horni-

343 2550 467 2593 nes
494 2528 890 2592 consulares
924 2525 1133 2591 nostri
1170 2525 1309 2590 fere
1343 2527 1670 2613 aequales
1703 2526 2064 2611 deplorare
2099 2526 2433 2602 solebant,

342 2639 485 2693 tum
519 2628 703 2714 quod
736 2625 1196 2712 voluptatibus
1228 2635 1566 2700 carerent,
1598 2626 1745 2690 sine
1777 2624 2022 2711 quibus
2048 2624 2258 2689 vitam
2291 2626 2442 2689 nul-

342 2730 483 2793 lam
517 2737 856 2813 putarent,
892 2737 1036 2791 tum
1083 2726 1266 2813 quod
1314 2737 1796 2810 spernerentur
1843 2725 1929 2788 ab
1977 2724 2059 2789 iis
2109 2744 2150 2787 a
2195 2725 2442 2810 quibus

344 2838 571 2892 essent
602 2827 734 2891 coli
779 2826 978 2891 soliti.
1077 2823 1220 2910 Qi
1271 2824 1439 2888 mihi
1488 2845 1622 2889 non
1671 2824 1740 2888 id
1787 2824 2195 2888 videbantur
2242 2844 2446 2888 accu-

346 2948 498 2992 sare
531 2926 712 3012 quod
747 2936 928 2990 esset
960 2925 1454 2990 accusandum.
1554 2922 1739 2988 Nam
1774 2922 1829 2987 si
1864 2923 1931 2987 id
1967 2923 2170 3008 culpa
2205 2943 2443 2988 senec-

346 3026 503 3092 tutis
567 3021 931 3100 accideret,
984 3024 1229 3089 eadem
1278 3024 1448 3088 mihi
1496 3045 1626 3088 usu
1672 3022 1984 3087 venirent
2028 3021 2445 3110 reliquisque

345 3124 662 3191 omnibus
726 3124 1096 3212 majoribus
1152 3135 1345 3198 natu,
1397 3144 1686 3209 quorum
1734 3143 1870 3209 ego
1916 3123 2284 3187 multorum
2332 3143 2447 3188 co-

347 3223 556 3313 gnovi
603 3233 1020 3288 senectutem
1069 3222 1215 3286 sine
1263 3223 1599 3308 querella,
1650 3222 1767 3309 qui
1817 3242 1891 3287 se
1954 3232 2020 3286 et
2082 3220 2446 3287 libidinum

345 3322 636 3387 vinculis
684 3323 951 3387 laxatos
1000 3343 1149 3385 esse
1198 3343 1335 3386 non
1387 3322 1669 3386 moleste
1720 3322 1994 3395 ferrent,
2038 3342 2166 3385 nec
2214 3342 2254 3385 a
2302 3322 2444 3388 suis

347 3422 881 3507 despicerentur.
979 3420 1123 3486 Sed
1168 3420 1479 3485 omnium
1528 3420 1717 3486 istius
1764 3421 1945 3487 modi
1981 3421 2443 3508 querellarum

347 3522 419 3586 in
453 3520 752 3586 moribus
787 3531 887 3585 est
917 3521 1146 3604 culpa,
1176 3541 1313 3584 non
1349 3519 1418 3582 in
1456 3530 1697 3584 aetate.
1798 3520 2142 3586 Moderati
2168 3520 2352 3584 enim
2378 3532 2447 3586 et

347 3641 476 3685 nec
509 3601 818 3685 difficiles
852 3639 981 3683 nec
1012 3618 1369 3682 inhumani
1406 3639 1607 3683 senes
1654 3620 2081 3684 tolerabilem
2133 3632 2445 3685 senectu-

347 3730 482 3783 tem
524 3729 777 3805 agunt3
826 3716 1301 3802 importunitas
1352 3727 1579 3781 autem
1629 3729 1694 3781 et
1741 3718 2203 3783 inhumanitas
2254 3717 2443 3784 omni

350 3816 549 3882 aetati
598 3818 881 3882 molesta
930 3826 1053 3880 est.
1151 3828 1205 3874 8·
1256 3814 1613 3880 LAELms.
1710 3815 1833 3880 Est
1875 3827 1948 3881 ut
1988 3817 2186 3893 dicis,
2224 3817 2440 3892 Cat03

348 3918 471 3985 sed
502 3916 786 3983 fortasse
822 3914 1069 3981 dixerit
1097 3914 1439 4002 quispiam
1471 3914 1588 3980 tibi
1621 3926 1894 4000 propter
1926 3937 2092 4000 opes
2119 3927 2183 3980 et
2208 3918 2443 4001 copias
