2817 4459
310 258 393 307 22
1103 237 1213 308 On
1256 237 1398 306 Old
1420 235 1608 325 Age.
2051 230 2226 305 [Cn.
2256 234 2409 303 ΜΛ]-

306 438 654 524 voluptate
700 435 1090 503 redeamus.
1217 434 1515 521 Semper
1560 432 1744 499 enirn
1790 430 1954 498 boni
2003 430 2409 519 adsiduique

307 537 566 604 domini
618 536 866 602 referta
928 537 1106 602 cella
1160 535 1451 610 vinaria,
1510 534 1793 609 olearia,
1854 532 2061 597 etiam
2125 532 2408 617 penaria

307 649 434 715 est,
470 637 772 722 villaque
804 647 943 701 tota
985 634 1293 723 locuples
1337 645 1480 699 est:
1531 632 1835 698 abundat
1880 652 2116 720 poree,
2154 631 2405 706 haedo,

308 758 519 826 agn0‚
562 735 851 824 gallina,
895 735 1100 811 lacte,
1149 756 1377 810 case0,
1431 732 1661 798 melle.
1749 732 1910 818 Jarn
1959 730 2246 796 hortum'
2278 730 2408 817 ipsi

309 837 657 925 agricolae
721 834 1098 900 succidiam
1164 835 1451 899 alteram
1515 832 1889 919 appellant.
2007 829 2410 897 Conditiora

307 937 467 1002 facit
499 936 675 1000 haec
705 933 1238 1019 supervacaneis
1287 933 1491 998 etiam
1525 931 1751 1018 operis
1800 929 2172 1016 aucupium
2205 942 2408 1018 atque

306 1038 603 1102 venatio.
698 1051 788 1099 57.
837 1032 1027 1119 Qid
1059 1034 1146 1099 de
1179 1045 1524 1120 pratorum
1559 1030 1896 1097 viriditate
1930 1042 2047 1095 aut
2087 1031 2409 1097 arborum
2519 1059 2529 1068 ·

307 1136 659 1201 ordinibus
739 1145 856 1201 aut
913 1135 1274 1199 vinearum
1332 1132 1826 1199 olivetorumve
1902 1129 2133 1216 specie
2210 1132 2408 1217 plura

308 1233 580 1300 dicam?
646 1233 853 1300 Brevi
886 1233 1325 1319 praecidam:
1360 1252 1531 1319 agro
1562 1233 1740 1296 bene
1772 1230 1954 1296 culto
1987 1229 2156 1294 nihil
2189 1240 2410 1316 potest

307 1354 459 1399 esse
491 1355 621 1399 nec
652 1356 780 1400 usu
812 1332 1091 1399 uberius
1124 1353 1253 1397 nec
1286 1331 1517 1417 specie
1550 1330 1877 1406 ornatius,
1910 1328 1999 1394 ad
2030 1350 2239 1416 quem
2269 1329 2410 1395 fru-

308 1434 563 1499 endum
612 1456 751 1499 non
801 1434 1005 1499 modo
1051 1454 1191 1498 non
1238 1431 1563 1508 retardat,
1613 1451 1853 1496 verum
1902 1429 2110 1495 etiam
2170 1430 2410 1496 invitat

308 1545 514 1620 atque
547 1535 843 1599 adlectat
873 1544 1216 1599 senectus.
1284 1531 1423 1597 Ubi
1458 1531 1640 1596 enim
1675 1540 1895 1616 potest
1924 1528 2044 1595 illa
2078 1541 2266 1596 aetas
2293 1540 2410 1596 aut

309 1634 654 1699 calescere
685 1633 797 1698 vel
846 1631 1263 1719 apricatione
1296 1631 1543 1696 melius
1572 1632 1686 1695 vel
1733 1629 1905 1718 igni,
1943 1639 2060 1694 aut
2105 1629 2407 1695 vicissim

306 1732 566 1797 umbris
615 1732 893 1820 aquisve
943 1731 1333 1820 refrigerari
1381 1728 1771 1796 salubrius?
1861 1746 1953 1794 58.
2001 1728 2150 1794 Sibi
2198 1729 2409 1818 igitur

309 1834 609 1897 habeant
656 1853 874 1907 arma,
921 1831 1049 1906 sibi
1097 1853 1337 1918 equ08,
1373 1830 1503 1896 sibi
1552 1831 1810 1907 hastas,
1848 1829 1976 1896 sibi
2024 1830 2294 1894 clavam
2343 1840 2410 1895 et

308 1932 546 2017 pilam,
585 1930 711 1997 sibi
759 1930 1141 1997 natationes
1181 1942 1383 2017 atque
1417 1950 1701 1996 cursus:
1748 1929 1945 2006 nobis
1992 1929 2271 1995 senibus
2319 1950 2410 1996 ex

307 2031 684 2097 lusionibus
717 2030 945 2095 multis
976 2031 1152 2095 talos
1176 2031 1565 2117 relinquant
1596 2040 1662 2095 et
1690 2040 2028 2105 tesseras3
2076 2029 2148 2094 id
2180 2029 2407 2115 ipsum

306 2141 531 2195 utrum
578 2128 860 2207 lubebit,
911 2129 1237 2217 quoniam
1283 2129 1433 2196 sine
1479 2130 1564 2196 iis
1608 2129 1812 2195 beata
1875 2150 2029 2195 esse
2091 2141 2408 2196 senectus

306 2240 550 2316 potest.

396 2348 580 2395 xvn.
629 2348 721 2395 59.
783 2328 1043 2396 Multas
1077 2328 1164 2394 ad
1210 2350 1321 2395 res
1368 2329 1692 2416 perutiles
1723 2327 2207 2416 Xenophontis
2252 2329 2408 2396 libri

307 2440 486 2505 sunt,
523 2451 695 2517 quos
740 2430 974 2517 legite,
1012 2450 1294 2516 quaeso,
1350 2430 1677 2506 studiose,
1713 2440 1789 2497 ut
1834 2430 2075 2496 facitis.
2171 2428 2409 2515 Qam

307 2529 582 2614 copiose
614 2530 701 2595 ab
735 2551 817 2595 eo
850 2529 1000 2616 agri
1033 2529 1296 2593 cultura
1327 2530 1647 2594 laudatur
1692 2530 1763 2594 in
1807 2551 1890 2596 eo
1937 2530 2110 2596 libro
2141 2531 2259 2616 qui
2306 2539 2409 2596 est

308 2629 395 2693 de
441 2629 694 2694 tuenda
743 2650 815 2694 re
864 2628 1209 2704 familiari,
1253 2629 1368 2715 qui
1429 2627 1912 2695 Oeconomicus
1972 2628 2427 2695 inscribiturl.

307 2725 537 2813 Atque
568 2737 643 2792 ut
687 2727 1099 2814 intellegatis
1143 2727 1312 2792 nihil
1361 2728 1423 2793 ei
1473 2739 1613 2793 tarn
1661 2730 1899 2817 regale
1929 2729 2146 2795 videri
2194 2749 2405 2816 quam

309 2827 603 2891 studium
640 2827 790 2914 agri
824 2827 1119 2902 colendi,
1149 2825 1470 2894 Socrates
1502 2828 1574 2892 in
1608 2850 1691 2894 eo
1723 2830 1896 2896 libro
1927 2829 2222 2916 loquitur
2247 2850 2405 2893 cum

309 2925 688 3002 Critobu10,
741 2925 1004 3012 Cyrum
1060 2926 1422 3004 minorem,
1474 2927 1839 2993 Persarum
1890 2950 2155 3017 regem,
2207 2949 2408 3015 prae-

308 3036 598 3090 stantem
659 3025 942 3114 ingenio
990 3035 1190 3112 atque
1237 3026 1480 3113 imperi
1530 3028 1780 3115 gloria,
1830 3049 1988 3094 cum
2035 3027 2406 3115 Lysander

306 3122 930 3200 LacedaemoniuS,
965 3125 1069 3189 vir
1102 3147 1412 3192 summae
1448 3126 1735 3202 virtutis,
1772 3127 2071 3192 venisset
2118 3128 2208 3193 ad
2245 3148 2406 3193 eum

308 3222 548 3288 Sardis
582 3223 780 3310 eique
813 3224 994 3289 dona
1029 3245 1071 3289 a
1102 3226 1306 3291 sociis
1341 3225 1698 3302 attulisset,
1728 3237 1793 3291 et
1825 3226 2065 3292 ceteris
2097 3227 2169 3291 in
2202 3227 2405 3292 rebus

307 3343 573 3387 comem
619 3344 785 3410 erga
817 3322 1260 3411 Lysandrum
1296 3334 1499 3411 atque
1533 3326 1911 3391 humanum
1959 3326 2193 3401 fuisse,
2232 3336 2298 3392 et
2342 3324 2405 3390 ei

308 3422 652 3508 quendam
680 3434 1125 3509 consaeptum
1152 3444 1396 3511 agrum
1432 3423 1796 3511 diligenter
1820 3425 2154 3490 consitum
2182 3435 2406 3491 osten-

307 3520 531 3585 disset
581 3541 738 3586 cum
788 3535 1016 3588 autem
1067 3522 1517 3588 admiraretur
1563 3522 1934 3610 Lysander
1978 3535 2045 3589 et
2105 3523 2405 3610 proceri-

305 3628 478 3685 tates
531 3620 850 3686 arborum
899 3633 966 3686 et
1013 3621 1322 3688 derectos
1376 3621 1448 3685 in
1502 3622 1959 3709 quincuncem
2010 3623 2286 3689 ordines
2339 3632 2408 3689 et

307 3719 593 3784 humum
642 3720 1001 3786 subactam
1045 3730 1246 3806 atque
1279 3741 1523 3806 puram
1570 3730 1637 3785 et
1681 3721 2083 3786 suavitatem
2117 3722 2403 3787 odorum

305 3820 424 3904 qui
457 3817 875 3884 adflarentur
905 3840 994 3883 ex
1035 3817 1340 3894 floribuS,
1377 3830 1520 3883 tum
1555 3840 1712 3884 eum
1745 3820 2027 3895 dixisse,
2064 3819 2296 3884 mirari
2329 3840 2406 3886 se

305 3939 445 3984 non
479 3919 682 3984 modo
715 3918 1142 4007 diligentiam
1176 3918 1298 3985 sed
1331 3918 1536 3984 etiarn
1570 3919 1942 3986 sollertiam
1982 3919 2131 4009 ejus
2177 3940 2220 3986 a
2265 3941 2403 4008 quo

2752 958 2785 1044 „fi
