2817 4459
371 299 458 347 20
600 327 619 341 -
1166 280 1274 347 On
1316 280 1460 347 Old
1484 278 1666 368 Age.
2099 272 2274 344 [CA'1'·
2305 272 2462 343 MAJ·

369 500 528 544 cum
606 476 904 554 emersit,
969 478 1191 544 fundit
1256 478 1528 566 frugem
1593 475 1766 563 spici
1824 472 2063 541 ordine
2138 481 2464 538 structam

369 590 435 644 et
479 589 716 643 contra
764 577 994 641 avium
1038 576 1374 644 minorum
1428 598 1692 642 morsus
1741 574 2037 638 munitur
2066 573 2251 637 vallo
2299 572 2467 637 aris-

366 688 615 742 tarum.
709 693 801 742 52.
850 674 1038 759 Qid
1085 698 1217 765 ego
1266 676 1505 741 vitium
1551 686 1762 751 ortuS,
1800 685 2009 747 satus,
2045 669 2465 737 incrementa

368 775 943 844 commemorem?
1060 776 1310 842 Satiari
1360 775 1809 866 delectatione
1855 794 1992 837 non
2040 793 2345 858 possum,
2394 781 2467 835 ut

367 897 563 941 meae
597 876 963 942 senectutis
993 875 1363 963 requietem
1398 875 2107 959 oblectamentumque
2142 871 2459 936 noscatis.

368 975 619 1042 Omitto
668 975 850 1041 enim
896 973 1034 1039 vim
1100 975 1321 1060 ipsam
1368 973 1675 1039 omnium
1721 992 1901 1060 quae
1962 982 2380 1060 generantur
2426 991 2466 1037 e

365 1087 572 1149 terra,
606 1096 785 1162 quae
819 1096 907 1139 ex
940 1074 1051 1139 fici
1098 1074 1358 1140 tantulo
1399 1094 1619 1162 grano
1668 1083 1785 1137 aut
1829 1093 1917 1136 ex
1965 1070 2144 1136 acini
2177 1071 2465 1137 vinaceo
2537 1069 2550 1078 ⁴

367 1184 482 1239 aut
531 1196 621 1238 ex
673 1184 1054 1239 ceterarum
1116 1173 1394 1261 frugum
1460 1182 1576 1238 aut
1637 1171 1945 1257 stirpium
1997 1169 2464 1237 minutissimis

220 1349 231 1362 „
322 1345 331 1352 ‚
366 1273 741 1342 seminibus
773 1283 995 1339 tantos
1025 1283 1301 1339 truncos
1327 1293 1690 1359 ramosque
1723 1280 2058 1358 procreet.
2125 1269 2506 1353 Malleoli‚·‘

350 1345 668 1459 plantae,
704 1384 1072 1476 sarmenta,
1108 1372 1543 1448 viviradices,
1578 1371 2021 1458 propagineS,
2058 1392 2287 1437 nonne
2321 1371 2467 1437 effi-

365 1473 554 1538 ciunt
599 1483 673 1537 ut
717 1454 1029 1560 quemvis
1077 1493 1235 1537 cum
1299 1472 1747 1538 admiratione
1795 1470 2195 1537 delectent?
2284 1470 2466 1538 Vitis

366 1572 672 1659 quidem,
706 1593 884 1659 quae
917 1583 1160 1637 natura
1194 1572 1460 1638 caduca
1492 1582 1617 1647 est,
1656 1582 1722 1637 et
1752 1571 1884 1636 nisi
1915 1571 2085 1636 fulta
2116 1582 2219 1637 est
2255 1573 2467 1638 fertur

367 1674 454 1737 ad
509 1683 785 1748 terram,
840 1672 1084 1737 eadem
1140 1682 1214 1738 ut
1268 1693 1342 1738 se
1397 1671 1619 1759 erigat
1667 1671 2020 1737 claviculis
2069 1672 2211 1738 suis
2265 1672 2464 1760 quasi

366 1773 684 1838 manibus
731 1771 1058 1860 quicquid
1104 1782 1207 1837 est
1251 1782 1470 1837 nacta.
1502 1771 1991 1857 conplectitur3
2039 1794 2274 1860 quam,
2324 1796 2498 1842 ser-.

363 1885 641 1958 pentem
697 1872 1055 1959 multiplici
1116 1872 1317 1959 lapsu
1373 1884 1440 1938 et
1493 1872 1807 1948 erratico,
1864 1873 2045 1939 ferro
2101 1886 2465 1961 amputans

284 2044 291 2049 ,
365 1984 636 2039 coercet
682 1994 794 2039 ars
842 1973 1331 2061 agricolarum,
1370 1995 1462 2038 ne
1509 1972 1829 2040 silvescat
1874 1974 2233 2040 sarmentis
2280 1986 2347 2040 et
2391 1975 2464 2041 in

363 2073 587 2139 omnis
620 2072 832 2159 partis
878 2073 1089 2139 nimia
1134 2073 1477 2139 fundatur.
1570 2090 1662 2138 53.
1709 2072 1950 2160 Itaque
1995 2073 2272 2139 ineunte
2301 2096 2464 2141 vere

363 2172 434 2239 in
475 2173 557 2240 iis
599 2194 780 2261 quae
820 2173 1058 2240 relicta
1097 2184 1254 2240 sunt
1298 2173 1563 2240 exsistit
1605 2182 1958 2260 tamquam
2008 2173 2096 2239 ad
2144 2174 2464 2241 articulos

364 2285 863 2340 sarmentorum
921 2294 1003 2339 ea
1058 2294 1238 2362 quae
1293 2294 1573 2362 gemma
1628 2273 1898 2349 dicitur,
1953 2294 1994 2338 a
2045 2294 2181 2362 qua
2236 2275 2464 2340 oriens

362 2394 500 2438 uva
553 2395 627 2440 se
681 2373 1015 2449 ostendit3
1079 2394 1259 2460 quae
1309 2386 1376 2439 et
1426 2394 1592 2439 suco
1631 2383 1854 2439 terrae
1902 2382 1969 2439 et
2017 2375 2247 2440 calore
2302 2374 2465 2441 solis

365 2493 751 2560 augescens
798 2473 1020 2559 primo
1075 2484 1178 2539 est
1239 2473 1612 2559 peracerba
1661 2483 1962 2562 gustatu,
2013 2474 2264 2541 deinde
2320 2494 2465 2539 ma-

361 2581 586 2637 turata
664 2572 1020 2650 dulcescit,
1098 2573 1478 2660 vestitaque
1553 2573 1895 2659 pampinis
1987 2593 2118 2638 nec
2195 2573 2463 2639 modico

361 2681 598 2757 tepore
654 2682 866 2749 caret,
916 2683 984 2737 et
1031 2672 1277 2737 nimios
1329 2672 1491 2737 solis
1542 2672 1846 2738 defendit
1896 2673 2198 2738 ardores.
2299 2671 2466 2758 Qa

363 2772 525 2857 quid
561 2781 781 2857 potest
812 2792 962 2837 esse
995 2793 1154 2838 cum
1201 2771 1426 2837 fructu
1474 2771 1744 2848 laetius,
1778 2783 1924 2837 tum
1972 2783 2252 2858 aspectu
2310 2774 2466 2860 pul-

364 2871 594 2936 chrius
627 2869 657 2936 Ρ
747 2869 966 2959 Cujus
999 2871 1275 2958 quidem
1309 2892 1447 2936 non
1490 2870 1740 2936 utilitas
1774 2891 1885 2937 me
1917 2871 2166 2948 solum,
2201 2882 2276 2938 ut
2308 2884 2465 2939 ante

364 2971 533 3047 dixi,
563 2971 686 3037 sed
717 2970 922 3036 etiam
956 2972 1218 3036 cultura
1252 2980 1319 3035 et
1349 2981 1591 3035 natura
1624 2969 1774 3056 ipsa
1807 2971 2139 3037 delectat:
2175 2970 2466 3037 admini-

362 3071 673 3136 culorum
721 3070 1023 3146 ordineS‚
1070 3069 1370 3156 capitum
1414 3069 1707 3157 jugatio,
1743 3070 2057 3158 religatio
2105 3081 2172 3137 et
2216 3092 2466 3158 propa-

362 3169 548 3257 gatio
608 3170 874 3245 vitium,
940 3180 1441 3235 sarmentorum
1517 3188 1601 3233 ea
1677 3190 1887 3255 quam
1949 3170 2094 3235 dixi
2172 3171 2463 3237 aliorum

364 3269 763 3353 amputatio,
801 3268 1089 3334 aliorum
1139 3267 1472 3333 inmissio.
1573 3265 1762 3351 Qid
1809 3288 1944 3356 ego
1990 3269 2461 3357 inrigationeS,

362 3368 526 3454 quid
559 3367 890 3433 fossiones
917 3367 1067 3455 agri
1098 3366 1796 3453 repastinationesque
1821 3367 2190 3454 proferam,
2217 3370 2464 3457 quibus

361 3468 442 3534 fit,
468 3469 677 3533 multo
709 3478 888 3533 terra
921 3467 1274 3533 fecundior
1305 3466 1336 3532 ?
1418 3483 1511 3531 54.
1560 3465 1751 3552 Qid
1784 3468 1870 3532 de
1903 3468 2185 3534 utilitate
2223 3469 2466 3556 loquar
2542 3533 2550 3538 .

363 3564 830 3631 stercorandi?
922 3566 1089 3631 Dixi
1134 3566 1207 3632 in
1239 3588 1322 3632 eo
1365 3567 1540 3633 libro
1570 3587 1776 3653 quem
1817 3568 1903 3632 de
1951 3569 2153 3633 rebus
2196 3568 2465 3635 rusticis

363 3665 631 3751 scripsi,
685 3665 772 3731 de
821 3686 959 3753 qua
1008 3667 1249 3732 doctus
1303 3665 1651 3732 Hesiodus
1706 3686 1795 3730 ne
1848 3668 2134 3732 verbum
2186 3668 2465 3754 quidem

362 3763 547 3838 fecit,
583 3785 740 3829 cum
776 3765 862 3829 de
901 3765 1166 3830 cultura
1214 3764 1366 3853 agri
1414 3765 1780 3831 scriberet:
1831 3775 1901 3830 at
1934 3765 2309 3843 Homerus,
2344 3766 2463 3854 qui

363 3862 592 3928 multis
643 3864 754 3951 (ut
807 3863 974 3928 mihi
1018 3865 1323 3951 videtur)
1380 3875 1536 3929 ante
1586 3863 1883 3930 saeculis
1931 3864 2080 3941 fuit,
2133 3864 2464 3932 Laertam

363 3960 731 4029 lenientem
766 3962 1207 4040 desiderium,
1244 3964 1431 4052 quod
1472 3962 1791 4051 capiebat
1834 3984 1874 4030 e
1920 3963 2088 4041 filio,
2124 3967 2462 4033 colentem
