2817 4459
816 70 878 124 ”N

407 269 462 309 x.
491 255 603 328 31·]
910 235 1076 304 ‘The
1108 238 1446 340 Strengstlz
1480 241 1576 327 qf
1612 240 1754 306 Old
1777 241 1976 307 Men.
2422 262 2498 308 11

403 446 536 510 tur,
572 456 862 521 quorum
895 458 1111 524 usque
1145 437 1234 503 ad
1267 448 1652 503 extremum
1683 436 1992 524 spiritum
2032 447 2134 505 est
2179 450 2504 526 provecta

406 535 788 619 prudentia.

492 650 584 697 28.
633 632 882 700 Orator
915 647 1141 702 metuo
1175 658 1260 702 ne
1303 637 1714 723 languescat
1759 648 2133 713 senectute,
2170 649 2271 704 est
2317 639 2501 705 enim

404 756 652 798 munus
702 734 848 820 ejus
896 757 1031 799 non
1066 735 1300 822 ingeni
1334 737 1555 801 solum
1591 737 1713 802 sed
1746 738 2034 801 laterum
2068 736 2272 802 etiam
2306 749 2372 803 et
2401 739 2501 803 vi*

402 834 602 897 rium.
679 833 980 898 Omnino
1007 855 1334 899 canorum
1361 835 1527 925 illud
1555 835 1623 899 in
1651 857 1820 916 voce
1846 837 2261 922 splendescit
2290 837 2496 903 etiam

356 914 634 997 <nescio
667 955 800 1018 quo
829 934 1521 1026 pactojinsenectute,
1550 936 1732 1021 quod
1761 936 2077 1022 equidem
2108 937 2334 1001 adhuc
2360 959 2497 1002 non

401 1015 624 1106 aniisi,
661 1045 726 1097 et
756 1034 999 1098 videtis
1033 1055 1271 1098 annos.
1367 1033 1511 1098 Sed
1551 1047 1780 1101 tamen
1829 1045 1931 1099 est
1967 1023 2266 1118 ¹decorus
2313 1036 2499 1102 senis

398 1154 624 1210 sermo
656 1133 924 1218 quietus
957 1145 1022 1198 et
1060 1134 1409 1208 remissus,
1447 1133 1742 1220 facitque
1792 1135 2124 1219 persaepe
2172 1133 2321 1218 ipsa
2369 1136 2496 1200 sibi

398 1232 815 1297 audientiam
893 1233 1125 1326 diserti
1204 1224 1388 1298 senis
1467 1232 1819 1317 conposita
1883 1244 1949 1298 et
2011 1232 2188 1299 mitis
2251 1235 2489 1300 oratio.

399 1329 630 1414 Qam
666 1331 723 1395 si
757 1332 904 1418 ipse
938 1326 1220 1419 e'xsequi
1271 1341 1601 1418 nequeaS.
1641 1329 1860 1417 possis
1907 1342 2135 1397 tamen
2186 1332 2494 1418 Scipioni

398 1431 793 1517 praecipere
827 1443 893 1497 et
925 1430 1188 1497 Laelio.
1288 1430 1478 1517 Qid
1513 1432 1694 1496 enirn
1728 1442 1831 1496 est
1853 1431 2225 1519 jucundius
2259 1454 2497 1499 senec-

394 1542 534 1597 tute
567 1532 811 1616 stipata
839 1532 1077 1597 studiis
1103 1530 1523 1620 juventutis?
1613 1548 1709 1596 29.
1754 1530 1869 1597 An
1914 1553 2002 1596 ne
2050 1553 2167 1598 eas
2214 1532 2492 1619 quidem

393 1631 558 1696 viris
591 1632 918 1697 senectuti
952 1628 1429 1720 relinquimu3‚
1464 1643 1538 1697 ut
1584 1631 2041 1698 adulescentis
2089 1632 2356 1705 doceat,
2392 1632 2495 1698 in-

349 1817 355 1821 >
395 1736 646 1807 stimat,
685 1733 774 1797 ad
807 1753 1009 1796 omne
1058 1732 1238 1797 offici
1288 1754 1537 1797 munus
1582 1729 1911 1797 instruat?
2007 1730 2169 1817 Qo
2214 1732 2490 1818 quidem

393 1855 600 1919 opere
647 1834 811 1921 quid
860 1844 1076 1919 potest
1107 1856 1257 1899 esse
1291 1832 1756 1920 praeclarius?
1848 1832 2027 1898 Mihi
2060 1855 2223 1900 vero
2254 1845 2322 1899 et
2351 1833 2489 1901 Cn.

395 1947 460 1999 et
503 1933 586 1998 P.
639 1933 1028 2020 ScipioneS‚
1080 1945 1147 1999 et
1194 1934 1303 1998 avi
1355 1934 1450 1998 tui
1514 1932 1817 2008 duo‚·L.
1869 1932 2212 2001 Aemilius
2275 1945 2343 1999 et
2404 1933 2485 1999 Ρ.

394 2032 790 2109 Africanus,
829 2033 1151 2098 comitatu
1199 2033 1527 2099 nobilium
1569 2033 1901 2120 juvenum
1951 2033 2271 2100 fortunati
2304 2034 2493 2099 vide-

392 2134 681 2206 bantur3
730 2153 861 2197 nec
900 2133 1023 2197 ulli
1076 2133 1409 2198 bonarum
1463 2132 1710 2196 artium
1761 2132 2071 2218 magistri
2121 2155 2260 2198 non
2309 2134 2492 2199 beati

393 2231 704 2317 putandi,
742 2230 1056 2317 quamvis
1094 2230 1578 2296 consenuerint
1609 2231 1789 2296 vires
1838 2244 2040 2318 atque
2088 2232 2485 2298 defecerint.

393 2330 539 2396 Etsi
571 2331 722 2415 ipsa
755 2330 882 2395 ista
915 2331 1205 2395 defectio
1238 2330 1485 2396 virium
1521 2331 2028 2395 adulescentiae
2061 2329 2239 2395 vitiis
2282 2332 2492 2396 effici-

391 2430 806 2514 tur'saepius
840 2451 1049 2516 quam
1080 2429 1486 2504 senectutis3
1537 2429 1902 2495 libidinosa
1936 2430 2119 2495 enirn
2152 2441 2218 2496 et
2248 2430 2490 2496 intem-

394 2551 642 2616 perans
706 2528 1170 2594 adulescentia
1237 2528 1515 2593 effetum
1572 2549 1820 2613 corpus
1874 2529 2075 2594 tradit
2129 2531 2481 2595 senectuti.

281 2639 337 2673 ὃ
390 2643 484 2690 3ο.
546 2629 777 2717 Cyrus
838 2629 1133 2714 quidem,
1178 2630 1362 2714 apud
1425 2627 1956 2713 Xenophontem
2021 2649 2104 2695 eo
2174 2651 2486 2712 sermone

392 2751 595 2816 quem
659 2728 956 2795 moriens
1018 2712 1278 2806 habuit,
1346 2748 1504 2793 cum
1553 2717 1941 2808 ‘admodum
2005 2750 2219 2794 senex
2282 2740 2485 2820 esset,

391 2839 602 2915 negat
633 2850 707 2893 se
740 2848 1065 2913 umquam
1099 2827 1394 2892 sensisse
1423 2838 1838 2892 senectutem
1866 2850 2063 2893 suam
2088 2828 2488 2914 imbecillio-

391 2950 535 2992 rem
582 2928 833 2992 sactam
884 2948 1089 3012 quam
1139 2928 1606 2992 adulescentia
1655 2927 1915 2992 fuisset.
2012 2927 2168 3015 Ego
2206 2926 2297 2992 L.
2334 2928 2490 2993 Me-

389 3029 625 3093 tellum
664 3027 941 3091 memini
977 3035 1170 3111 p'uer,
1202 3027 1315 3113 qui
1344 3047 1499 3091 cum
1536 3027 1989 3113 quadriennio
2020 3030 2485 3113 post'alterum

391 3127 818 3192 consulatum
846 3125 1163 3190 Pontifex
1190 3125 1544 3190 Maximus
1572 3126 1787 3191 factus
1814 3138 2017 3202 esset,
2045 3127 2289 3214 viginti
2315 3129 2487 3194 duos
2589 3173 2599 3181 ·

393 3247 607 3290 annos
641 3225 702 3290 ei
737 3225 1118 3289 sacerdotio
1156 3224 1473 3310 praefuit,
1510 3225 1601 3290 ita
1633 3226 1833 3290 bonis
1881 3223 2029 3292 esse
2061 3227 2319 3293 viribus
2367 3250 2486 3293 ex-

390 3337 604 3390 tremo
637 3336 939 3410 tempore
968 3325 1233 3396 aetatis,
1262 3335 1335 3388 ut
1355 3324 1893 3390 'adulescentiam
1920 3348 2056 3391 non
2085 3327 2480 3413 requireret.

391 3424 584 3489 Nihil
632 3446 914 3490 necesse
961 3435 1064 3489 est
1099 3424 1262 3488 mihi
1298 3424 1383 3490 de
1407 3447 1529 3489 me
1563 3424 1713 3509 ipso
1746 3425 2015 3498 dicere;
2065 3447 2486 3514 quamquam

393 3538 490 3591 est
523 3526 594 3590 id
621 3526 898 3612 quidem
933 3524 1174 3599 senile,
1214 3525 1552 3610 aetatique
1585 3536 1857 3591 nostrae
1892 3527 2308 3591 conceditur.

480 3646 554 3689 x.
635 3642 718 3689 31.
775 3624 1133 3691 Videtisne
1210 3635 1284 3689 ut
1360 3624 1546 3709 apud
1626 3623 2007 3690 Homerum
2083 3626 2486 3713 saepissime

391 3724 644 3790 Nestor
698 3725 782 3790 de
838 3725 1193 3789 virtutibus
1256 3725 1396 3789 suis
1453 3722 1844 3816 praedicet?
1934 3724 2243 3790 Tertiam
2302 3727 2485 3792 enim

400 3826 546 3914 jam
596 3836 885 3890 aetatem
936 3824 1291 3888 hominum
1324 3824 1621 3896 vivebat,
1660 3844 1790 3889 nec
1838 3834 1983 3889 erat
2014 3824 2077 3889 ei
2109 3827 2487 3892 verendum

389 3948 477 3990 ne
511 3946 673 3990 vera
707 3926 1114 4010 praedicans
1144 3923 1232 3988 de
1279 3945 1352 3988 se
1400 3921 1605 4024 nimis
1635 3923 1978 3988 videretur
2022 3935 2140 3989 aut
2184 3925 2486 3993 insolens
