2817 4459
363 240 444 289 12
1155 221 1262 289 On
1306 221 1447 290 Old
1471 221 1656 311 Age.
2094 241 2267 313 [cm.
2299 242 2443 311 MAJ.

360 431 476 487 aut
503 421 781 508 loquax.
881 419 1179 495 Etenim,
1214 430 1289 485 ut
1320 420 1415 486 ait
1448 420 1817 497 HomeruS,
1858 430 1875 461 ‘
1897 442 1985 485 ex
2018 419 2165 508 ejus
2212 420 2450 509 lingua

358 521 561 586 melle
596 520 859 586 dulcior
889 520 1144 586 fluebat
1175 520 1438 596 oratio‚’
1468 542 1675 607 quarn
1703 522 1789 585 ad
1818 520 2220 585 suavitatem
2247 524 2451 587 nullis

358 621 607 707 egebat
655 620 958 706 corporis
1005 620 1305 686 viribus:
1355 631 1422 685 et
1471 632 1700 685 tamen
1752 622 1895 685 dux
1946 621 2060 687 ille
2112 621 2450 687 Graeciae

356 741 697 805 nusquam
743 730 929 805 optat
973 730 1048 784 ut
1086 716 1327 806 Ajacis
1361 719 1601 784 similis
1638 720 1889 785 habeat
1921 721 2188 797 decem,
2226 722 2344 786 sed
2379 732 2452 786 ut

353 819 692 893 Nestoris,
726 819 910 904 quod
943 818 999 883 si
1034 817 1161 883 sibi
1195 817 1541 894 acciderit,
1578 841 1716 883 non
1750 819 2011 886 dubitat
2047 822 2211 907 qui-n
2253 821 2443 902 brevi

354 917 439 983 sit
483 918 696 1005 Troja
744 917 1068 1002 peritura.
1163 934 1257 982 32.
1305 917 1450 983 Sed
1493 919 1700 982 redeo
1735 920 1824 989 ad
1874 940 2007 985 me.
2107 919 2448 1005 Qartum

353 1038 490 1103 ago
553 1038 813 1081 annum
876 1028 941 1082 et
994 1018 1536 1105 octogesimum:
1587 1019 1835 1084 vellem
1891 1019 2207 1105 equidem
2262 1020 2446 1085 idern

352 1137 624 1200 possem
687 1116 968 1203 gloriari
1031 1119 1213 1203 quod
1270 1117 1542 1203 Cyrus:
1607 1119 1730 1184 sed
1792 1130 2019 1184 tamen
2083 1120 2216 1185 hoc
2269 1140 2445 1205 queo

350 1215 604 1291 dicere,
643 1239 780 1282 non
815 1239 924 1282 me
956 1219 1232 1304 quidem
1266 1218 1348 1283 iis
1382 1238 1535 1283 esse
1559 1217 1815 1283 viribus
1838 1219 2083 1305 quibus
2110 1230 2227 1284 aut
2250 1220 2445 1285 miles

349 1314 530 1380 bello
562 1314 826 1381 Punico
866 1329 981 1382 aut
1026 1330 1346 1404 quaestor
1396 1320 1639 1383 eodem
1691 1319 1872 1383 bello
1923 1330 2038 1383 aut
2087 1318 2324 1384 consul
2373 1319 2446 1383 in

354 1414 692 1500 Hispania
739 1418 1013 1493 fuerim,
1056 1429 1174 1484 aut
1220 1417 1672 1505 quadriennio
1721 1428 1895 1504 post,
1933 1439 2089 1483 cum
2136 1419 2445 1483 tribunus

352 1515 659 1583 militaris
722 1519 1118 1606 depugnavi
1183 1520 1369 1605 apud
1430 1517 1942 1603 Thermopylas
1996 1518 2117 1582 Μ’.
2173 1518 2446 1583 Glabri-

349 1636 481 1681 one
546 1620 867 1694 consule3
934 1620 1060 1685 sed
1121 1630 1376 1693 tamen,
1431 1629 1507 1683 ut
1555 1640 1678 1684 vos
1729 1616 1996 1692 videtiS,
2051 1639 2187 1682 non
2240 1618 2460 1730 plane>

232 1709 255 1728 ⁸
350 1736 462 1781 me
514 1719 889 1793 enervavit,
939 1740 1078 1784 non
1127 1718 1392 1783 adflixit
1439 1728 1794 1792 senectus;
1860 1738 1998 1781 non
2046 1716 2236 1781 curia
2282 1717 2445 1783 viris

349 1835 540 1880 meas
590 1817 956 1892 desiderat,
1003 1840 1143 1883 non
1190 1830 1432 1892 rostra,
1482 1839 1619 1882 non
1670 1816 1897 1890 amici,
1949 1838 2088 1880 non
2137 1816 2441 1892 clienteS‚

349 1936 488 1980 non
523 1916 848 2001 hospites.
932 1917 1087 1982 Nec
1119 1918 1301 1982 enim
1335 1937 1661 2003 umquam
1698 1937 1848 1981 sum
1878 1916 2210 1981 adsensus
2236 1915 2445 1980 veteri

349 2014 446 2078 illi
479 2016 890 2104 laudatoque
923 2017 1310 2102 proverbio,
1347 2017 1534 2103 quod
1565 2026 1796 2080 monet
1835 2026 2100 2080 mature
2148 2015 2295 2079 fieri
2342 2036 2447 2080 se-

347 2136 532 2189 nem,
571 2115 625 2180 si
661 2115 777 2180 diu
807 2116 979 2182 velis
1013 2138 1225 2181 senex
1259 2137 1435 2181 esse.
1534 2114 1690 2202 Ego
1722 2112 1886 2179 vero
1921 2136 2029 2179 me
2064 2114 2289 2179 minus
2331 2115 2446 2179 diu

348 2236 585 2279 senem
612 2237 762 2280 esse
790 2217 1093 2291 mallem,
1116 2237 1322 2302 quam
1353 2236 1503 2280 esse
1530 2236 1764 2280 senem
1788 2227 1944 2279 ante
1964 2235 2170 2300 quarn
2195 2236 2440 2279 essem.

348 2312 586 2399 Itaque
640 2336 843 2381 nemo
899 2316 1129 2381 adhuc
1184 2315 1552 2380 convenire
1609 2335 1720 2379 me
1770 2314 1985 2380 voluit
2039 2314 2149 2378 cui
2201 2314 2445 2379 fuerim

346 2426 743 2498 occupatus.
775 2417 821 2504 ῃ

437 2529 538 2580 33.
583 2512 679 2578 At
725 2512 948 2580 minus
997 2515 1220 2580 habeo
1264 2514 1512 2578 virium
1559 2535 1769 2601 quam
1814 2524 2115 2578 vestrum
2161 2512 2440 2577 utervis.

346 2613 458 2679 Ne
483 2636 606 2679 vos
630 2613 908 2700 quidem
939 2614 1029 2678 T.
1060 2613 1258 2679 Ponti
1286 2614 1703 2680 centurionis
1727 2613 1890 2677 viris
1924 2613 2230 2677 habetis·
2280 2634 2445 2676 num

306 2714 602 2792 gidcirco
650 2724 753 2777 est
797 2713 913 2778 ille
956 2712 1449 2798 praestantior?
1541 2712 1929 2777 Moderatio
1961 2713 2166 2777 modo
2198 2688 2484 2776 virium?
2509 2755 2530 2772 t

347 2814 545 2889 adsit,
601 2824 667 2878 et
716 2823 977 2877 tanturn
1028 2824 1358 2899 quantum
1412 2823 1634 2899 potest
1679 2812 1969 2899 quisque
2018 2813 2307 2887 nitatur3
2358 2833 2446 2877 ne

345 2913 460 2978 ille
502 2935 641 2977 non
676 2933 930 2999 magno
965 2913 1301 2978 desiderio
1334 2912 1671 2977 tenebitur
1701 2912 1975 2976 virium.
2074 2910 2445 2997 Olympiae

345 3033 468 3098 per
513 3012 807 3078 stadium
854 3012 1206 3099 ingressus
1254 3033 1404 3078 esse
1452 3011 1628 3078 Milo
1677 3011 1946 3086 dicitur,
1985 3032 2142 3076 cum
2190 3010 2445 3076 umeris

345 3112 707 3177 sustineret
743 3112 1016 3176 bovem.
1113 3110 1361 3177 Utrum
1395 3110 1603 3198 igitur
1642 3111 1768 3175 has
1816 3109 2120 3195 corporis
2169 3130 2259 3175 an
2307 3109 2447 3197 Py-

343 3212 676 3297 thagorae
730 3210 848 3275 tibi
908 3210 1106 3275 malis
1159 3211 1323 3277 viris
1372 3209 1612 3297 ingeni
1664 3208 1859 3275 dari?
1949 3208 2266 3296 Denique
2317 3209 2445 3275 isto

343 3311 525 3375 bono
569 3321 789 3385 utare,
836 3310 1001 3375 dum
1051 3310 1264 3384 adsit3
1323 3330 1481 3374 cum
1530 3309 1730 3384 absit,
1772 3330 1861 3374 ne
1907 3308 2256 3395 requiras:
2313 3307 2442 3372 nisi

345 3410 516 3475 forte
550 3410 1024 3475 adulescentes
1073 3409 1460 3495 pueritiam,
1497 3410 1782 3495 paulum
1832 3420 2054 3473 aetate
2102 3408 2441 3496 progressi

347 3509 884 3575 adulescentiam
948 3510 1201 3574 debent
1259 3510 1631 3595 requirere.
1731 3507 1995 3574 Cursus
2058 3519 2160 3573 est
2220 3520 2443 3574 certus

349 3610 610 3685 aetatiS‚
671 3620 738 3675 et
796 3630 936 3674 una
989 3609 1100 3674 via
1164 3622 1450 3674 naturae
1515 3630 1733 3696 eaque
1796 3609 2133 3695 simplex3
2183 3628 2443 3694 suaque

346 3710 592 3797 cuique
627 3709 801 3795 parti
836 3709 1075 3794 aetatis
1104 3709 1593 3795 tempestivitas
1627 3720 1730 3774 est
1761 3708 1946 3783 data,
1974 3719 2049 3773 ut
2073 3719 2139 3773 et
2164 3708 2443 3772 infirmi-

345 3821 450 3877 tas
498 3831 890 3895 puerorum,
942 3821 1009 3875 et
1059 3809 1373 3882 ferocitas
1416 3808 1777 3897 juvenum,
1829 3818 1895 3874 et
1944 3807 2250 3896 gravitas
2297 3807 2434 3896 jam

347 3910 718 3977 constantis
744 3909 1009 3985 aetatis,
1037 3919 1105 3975 et
1127 3909 1493 3987 senectutis
1518 3908 1872 3974 maturitas
1903 3909 2215 3974 naturale
2249 3907 2441 3995 quid-
