2817 4459
365 261 449 308 10
790 263 795 271 ⁴
1159 245 1266 310 On
1312 245 1454 311 Old
1479 243 1662 332 Age.
1681 247 1696 256 ’
2098 263 2272 334 [CAT.
2302 264 2456 333 MAJ.

356 439 447 504 Et
479 438 690 504 multa
725 439 1007 505 fortasse
1042 460 1218 527 quae
1251 442 1389 506 volt
1416 440 1431 505 1
1484 452 1685 529 atque
1717 442 1788 507 in
1823 463 1905 507 ea
1936 462 2115 527 quae
2147 464 2285 507 non
2317 444 2456 509 votl

355 560 563 625 saepe
628 539 830 603 etiam
897 540 1362 605 adulescentia
1427 539 1726 607 incurrit.
1822 541 2003 628 Illud
2058 563 2222 608 vero
2270 542 2453 608 idem

355 638 701 705 Caecilius
749 638 1098 713 vitiosius:
1274 613 1365 682 ἢ

590 760 750 817 Tum
780 758 1062 835 equidem
1089 759 1155 817 1n
1184 769 1436 836 senecta
1461 760 1578 842 hoc
1608 758 1837 838 deputo
1864 754 2288 835 miserrimum,

591 849 832 909 Sentire
860 866 935 907 ea
963 857 1163 944 aetate
1187 849 1392 956 {1³⁵quae
1422 868 1562 909 esse
1591 839 1872 920 odiosum
1902 844 2095 909 alteri.

352 976 448 1023 26.
485 958 880 1044 Jucundum
930 957 1151 1043 potius
1214 944 1229 958 ⁸
1297 978 1405 1021 am
1458 939 1813 1024 odiosuml
1908 958 2005 1025 Ut
2050 960 2231 1023 enirn
2286 960 2454 1025 adu·

351 1057 764 1138 lescentibus
798 1057 978 1121 bona
1012 1057 1031 1120 i
1132 1078 1171 1121 o
1204 1077 1240 1121 e
1275 1057 1601 1141 praeditis
1629 1058 1971 1142 sapientes
1999 1079 2199 1123 senes
2224 1060 2453 1124 delec-

349 1169 603 1233 tantur,
656 1156 1004 1242 leviorque
1054 1158 1128 1221 fit
1179 1167 1496 1221 senectus
1550 1178 1786 1221 eorum
1837 1157 1951 1242 qui
2008 1177 2047 1221 a
2098 1157 2450 1243 juventute

352 1258 665 1324 coluntur
692 1265 757 1320 et
789 1249 1187 1341 diliguntur,
1218 1255 1316 1320 sic
1344 1255 1818 1321 adulescentes
1846 1277 2087 1321 senum
2123 1277 2450 1341 praecep-

349 1358 435 1423 tis
469 1357 795 1448 gaudent,
833 1355 1079 1441 quibus
1116 1356 1203 1420 ad
1235 1355 1555 1419 virtutum
1594 1355 1815 1420 studia
1850 1356 2213 1420 ducuntur.
2296 1354 2449 1422 Nec

302 1445 309 1452 ⁸
351 1457 576 1521 minus
603 1455 928 1543 intellego
954 1477 1064 1520 me
1087 1455 1281 1520 vobis
1312 1476 1522 1542 quam
1559 1454 1725 1519 mihi
1752 1476 1874 1520 vos
1899 1476 2050 1520 esse
2076 1455 2442 1544 jucundos.

351 1556 493 1622 Sed
527 1555 768 1621 videtis
801 1566 874 1620 ut
905 1566 1221 1620 senectus
1253 1577 1391 1638 non
1427 1554 1632 1636 modo
1665 1555 1997 1643 languida
2032 1567 2234 1642 atque
2267 1557 2448 1622 iners
2655 1539 2664 1554 ’

350 1677 489 1721 non
524 1655 632 1729 sit,
666 1674 905 1718 verum
939 1653 1137 1719 etiam
1175 1623 1695 1739 sit²op³erbssa⁴et
1741 1676 2013 1740 semper
2060 1676 2278 1742 agens
2327 1655 2450 1720 ali-

350 1755 515 1841 quid
549 1764 615 1818 et
646 1754 959 1828 molienS,
988 1754 1124 1817 tale
1158 1753 1419 1818 scilicet
1448 1754 1652 1839 quale
1686 1754 1878 1842 cujus
1931 1777 2015 1819 ue
2049 1756 2343 1839 studium
2377 1755 2448 1820 in

349 1853 697 1939 superiore
723 1853 857 1917 vita
890 1852 1038 1917 fuit.
1139 1850 1354 1937 Qud,
1383 1853 1500 1939 qui
1526 1854 1729 1918 etiam
1759 1855 1894 1919 add
1925 1842 2121 1919 §duxit
2148 1852 2451 1942 aliquid?

346 1963 420 2018 ut
453 1965 518 2018 et
549 1952 875 2018 Solonem
909 1951 1217 2017 versibus
1251 1953 1662 2039 gloriantem
1694 1953 2034 2030 videmuS,
2071 1955 2188 2041 qui
2222 1976 2295 2020 se
2336 1975 2449 2020 co·
2489 1997 2496 2012 ·

344 2052 507 2126 tidie
541 2052 795 2139 aliquid
832 2051 1297 2116 addiscentem
1331 2052 1496 2116 dicit
1526 2073 1761 2117 senem
1797 2053 1987 2118 fieri:
2036 2065 2102 2119 et
2127 2075 2260 2141 ego
2285 2054 2445 2130 feci,

345 2152 461 2240 qui
486 2152 739 2216 litteras
773 2150 1080 2215 Graecas
1114 2171 1327 2216 senex
1354 2151 1588 2246 did'ci,
1619 2173 1791 2238 quas
1817 2154 2092 2240 quidem
2122 2153 2221 2222 sic
2249 2154 2449 2219 avide

346 2251 638 2337 adripui‚
675 2249 870 2337 quasi
923 2174 1544 2316 diuturnamfffiiin
1597 2254 1879 2337 explere
1912 2253 2220 2338 cupiens,
2257 2263 2333 2317 ut
2364 2274 2447 2318 ea

344 2351 494 2436 ipsa
545 2350 711 2415 mihi
763 2360 922 2415 nota
975 2361 1227 2425 essent,
1263 2351 1513 2437 quibus
1564 2373 1677 2416 me
1727 2373 1913 2417 nunc
1963 2352 2300 2438 exemplis
2351 2353 2447 2417 uti

341 2450 608 2515 videtis.
711 2447 922 2535 Qod
956 2470 1112 2514 cum
1148 2450 1391 2515 fecisse
1432 2449 1789 2516 Socratem
1837 2423 2204 2518 inQffi’ffius
2254 2452 2448 2517 audi-

342 2571 515 2623 rem,
568 2548 817 2616 vellem
874 2549 1193 2635 equidem
1248 2550 1455 2613 etiam
1511 2550 1707 2625 illud,
1735 2587 1826 2598 —-
1853 2539 2207 2615 discebant
2261 2551 2445 2616 enirn

340 2649 590 2714 fidibus
624 2648 907 2734 antiqui,
932 2685 1020 2696 —
1043 2649 1165 2713 sed
1197 2648 1267 2712 in
1302 2649 1541 2714 litteris
1574 2661 1755 2714 certe
1789 2650 2161 2715 elaboravi.
2400 2730 2407 2738 ⁸

432 2768 540 2812 lx.
604 2766 698 2814 27.
741 2747 896 2813 Nec
928 2768 1114 2812 nunc
1160 2747 1438 2834 quidem
1471 2748 1635 2812 viris
1683 2749 1997 2814 desidero
2045 2750 2447 2814 adulescen-

341 2848 450 2923 tis,
468 2843 566 2897 ⁴——
586 2849 644 2914 is
677 2848 859 2914 enim
887 2858 1033 2912 erat
1058 2848 1248 2912 locus
1274 2849 1445 2912 alter
1470 2849 1558 2912 de
1580 2848 1757 2912 vitiis
1783 2849 2172 2923 senectutiS,
2195 2883 2288 2897 --
2305 2870 2445 2913 non

341 2949 495 3032 plus
527 2969 734 3034 quam
769 2948 1178 3012 adulescens
1211 2946 1384 3011 tauri
1420 2957 1537 3011 aut
1561 2948 1908 3032 elephanti
1934 2948 2438 3013 desiderabam.

343 3045 552 3130 Qod
605 3058 729 3124 est,
777 3068 860 3112 eo
910 3047 1110 3111 decet
1156 3046 1294 3119 uti3
1345 3056 1412 3110 et
1461 3046 1783 3132 quicquid
1836 3019 2008 3134 agiis
2060 3067 2269 3133 agere
2307 3069 2444 3133 -pro

341 3147 621 3213 viribus.
721 3144 925 3230 Qae
960 3146 1140 3211 enim
1167 3166 1304 3209 vox
1337 3156 1557 3231 potest
1588 3166 1739 3210 esse
1764 3150 2214 3231 contemptior
2235 3167 2444 3233 quam

341 3236 625 3312 Milonis
658 3243 1139 3312 Crotoniatae?
1186 3244 1330 3331 qui,
1367 3266 1525 3309 curn
1561 3244 1708 3332 jam
1742 3265 1960 3310 senex
1990 3256 2192 3320 esset,
2230 3246 2444 3310 athle-

340 3358 580 3433 tasque
643 3367 716 3411 se
779 3343 1162 3410 exercentis
1223 3344 1295 3408 in
1356 3344 1696 3409 curriculo
1747 3345 2033 3420 videret,
2089 3345 2442 3430 aspexisse
2491 3339 2510 3382 ¹⁵

342 3447 632 3511 lacertos
680 3467 839 3510 suos
889 3442 1158 3520 dicitur,
1205 3443 1787 3529 inlacrimansque
1835 3443 2132 3509 dixisse:
2187 3442 2325 3507 ‘At
2372 3444 2441 3507 hi

341 3545 895 3654 quidemhmortui
922 3545 1067 3633 Jam
1103 3543 1306 3609 Sunt?
1401 3541 1564 3608 Non
1596 3565 1757 3608 vero
1788 3555 1926 3608 tarn
1962 3543 2070 3608 isti
2114 3563 2320 3630 quam
2370 3553 2440 3607 tu

341 3624 891 3732 ipseffnu'gator!
941 3664 1164 3730 neque
1197 3642 1382 3709 enim
1415 3664 1504 3707 ex
1536 3653 1600 3708 te
1631 3663 1960 3730 umquam
2010 3663 2085 3708 es
2133 3642 2444 3708 nobilita-

342 3755 474 3818 tus,
512 3745 634 3810 sed
667 3765 755 3809 ex
788 3744 1116 3809 lateribus
1148 3755 1214 3808 et
1244 3742 1517 3808 lacertis
1550 3743 1704 3807 tuis.
1814 3742 2009 3807 Nihil
2044 3742 2213 3833 Sex,
2252 3740 2443 3806 Aeli·

341 3865 422 3908 us
470 3845 632 3918 tale,
667 3844 838 3908 nihil
888 3843 1117 3907 multis
1153 3842 1350 3908 annis
1385 3853 1542 3907 ante
1573 3840 1688 3905 Ti.
1728 3840 2234 3917 Coruncanius,
2270 3841 2441 3907 nihil

344 3944 548 4009 modo
580 3941 656 4008 P.
689 3942 1010 4018 Crassus,
1049 3963 1090 4006 a
1121 3942 1367 4029 quibus
1392 3942 1549 4031 jura
1585 3925 1846 4007 civibus
1879 3942 2444 4028 praescribeban-
