2817 4459
9 338 43 402 '⁸21

4 3849 40 3980 ''q''

72 3877 75 3882 ’
76 3795 83 3820 ,ι
75 3711 83 3762 ια

331 3631 359 3647 0

409 277 537 320 vm.
565 265 677 339 25.]
828 245 920 318 ,Is
951 245 1064 312 the
1093 245 1310 311 Mmd
1336 246 1709 313 weakened
1736 248 1819 334 by
1851 247 2011 335 Age
2032 248 2076 315 ‚9
2461 274 2507 341 9

407 443 706 509 studium
756 464 915 509 cum
963 464 1107 508 rem
1158 444 1534 531 neglegere
1581 443 1994 510 familiarem
2041 445 2409 523 videretur,
2465 435 2506 514 a

403 543 561 608 filiis
593 542 664 608 in
690 542 1027 631 judicium
1059 555 1341 625 vocatus
1375 553 1478 609 est
1507 554 1603 619 ut,
1642 565 1848 630 quem
1883 545 1971 610 ad
2018 546 2298 611 modum
2348 569 2506 612 nos-

402 652 506 707 tro
539 664 730 708 more
763 643 942 707 male
975 663 1119 706 rem
1155 643 1551 729 gerentibus
1598 644 1901 729 patribus
1948 644 2147 709 bonis
2193 645 2504 712 interdici

403 741 599 817 solet,
630 742 732 807 sic
763 742 954 806 illum
990 741 1186 828 quasi
1221 741 1668 827 desipientem
1704 761 1849 808 are
1882 743 2203 808 familiari
2236 767 2504 811 remov-

402 852 593 906 erent
616 841 903 929 judices.
997 841 1185 905 Tum
1217 863 1433 906 senex
1463 842 1708 908 dicitur
1740 862 1895 907 eam
1941 843 2247 909 fabulam
2294 866 2503 931 quam

401 938 471 1003 in
524 941 843 1005 manibus
892 942 1191 1005 habebat
1238 951 1304 1006 et
1354 942 1665 1025 proxime
1715 942 2105 1028 scripserat,
2152 941 2497 1031 „Oedipum

413 1040 806 1118 Coloneum,
849 1041 1171 1105 recitasse
1207 1040 1580 1127 judicibus,
1616 1042 2101 1129 quaesisseque
2134 1064 2300 1107 num
2333 1045 2503 1111 illud

401 1160 680 1205 carmen
744 1139 1140 1225 desipientis
1187 1140 1571 1205 videretur:
1637 1162 1772 1227 quo
1826 1142 2105 1207 recitato
2152 1144 2502 1210 sententiis

413 1238 725 1324 judicum
789 1250 892 1304 est
952 1240 1302 1304 liberatus.
1398 1256 1508 1318 23,
1541 1239 1733 1305 Num
1794 1241 2002 1328 igitur
2062 1242 2274 1319 hunc,
2334 1265 2500 1308 num

405 1337 815 1415 Homerum,
897 1339 1063 1403 num
1148 1338 1561 1415 Hesiodum,
1627 1339 2083 1416 Simonidem,
2152 1339 2502 1408 Stesicho-

400 1459 580 1514 rum,
639 1460 806 1503 num
862 1459 1033 1524 quos
1083 1448 1239 1502 ante
1289 1438 1458 1513 dixi,
1513 1433 1885 1515 Isocraten,
1939 1433 2501 1527 Gorgian,'num

400 1537 966 1623 philosophorum
1023 1537 1411 1623 principes,
1447 1537 1944 1626 Pythagoram,
1997 1539 2495 1617 Democritum,

400 1658 567 1701 num
615 1636 1003 1713 Platonem,
1054 1658 1218 1701 num
1268 1636 1735 1713 Xenocraten,
1777 1660 1945 1702 num
1992 1649 2228 1724 postea
2276 1640 2502 1703 Zeno-

399 1758 588 1813 nem,
645 1735 1084 1812 Cleanthem,
1144 1746 1261 1801 aut
1315 1758 1474 1802 eum
1536 1758 1743 1824 quem
1797 1759 1922 1804 vos
1976 1738 2180 1803 etiarn
2235 1738 2498 1804 vidistis

400 1835 697 1911 Romae,
736 1835 1124 1923 Diogenem
1160 1835 1494 1911 Stoicum,
1533 1836 1760 1923 coegit
1790 1836 1862 1902 in
1906 1837 2046 1902 suis
2095 1838 2332 1904 studiis
2378 1838 2500 1903 ob-

400 1936 763 2001 mutiscere
840 1934 1201 2020 senectus?
1280 1956 1370 2000 an
1439 1935 1510 1999 in
1572 1936 1889 2002 omnibus
1952 1936 2060 2003 his
2122 1937 2494 2003 studiorum

402 2023 683 2123 agitatio
730 2035 910 2101 vitae
958 2034 1267 2121 aequalis
1315 2033 1485 2100 fuit?

485 2147 582 2196 24.
626 2134 816 2221 Age,
873 2144 948 2199 ut
1002 2134 1129 2199 ista
1184 2133 1417 2199 divina
1471 2134 1695 2200 studia.
1748 2133 2165 2211 omittamuS,
2216 2157 2494 2249 possum

397 2233 755 2300 nominare
804 2253 891 2297 ex
941 2253 1109 2320 agro
1158 2231 1419 2299 Sabino
1466 2234 1753 2297 rusticos
1802 2233 2187 2309 RomanoS,
2236 2235 2498 2300 vicinos

399 2345 468 2399 et
517 2332 871 2398 familiaris
922 2349 1138 2407 meos»,
1180 2332 1429 2420 quibus
1481 2332 1876 2424 absentibus
1928 2354 2302 2436 numquam
2355 2334 2498 2399 sere

398 2433 592 2498 ulla
574 2454 646 2498 1n
680 2453 849 2520 agro
878 2432 1136 2526 majora
1305 2454 1380 2496 ra
1415 2432 1608 2508 fiunt,
1638 2453 1776 2496 non
1810 2411 2145 2508 serendis,
2176 2455 2312 2498 non
2346 2454 2500 2518 per-

274 2531 760 2645 wipiendis,
789 2553 927 2596 non
948 2454 1338 2597 cgnffg'effls
1372 2531 1725 2596 fructibus.
1810 2529 2304 2618 Qamquam
2286 2554 2357 2596 1n
2392 2531 2498 2599 his

399 2632 625 2698 minus
658 2632 790 2697 hoc
823 2631 1070 2695 mirum
1105 2643 1247 2705 est3
1297 2619 1503 2696 nemo
1551 2631 1736 2695 enim
1785 2641 1887 2695 est
1931 2642 2069 2694 tam
2119 2652 2333 2697 senex
2380 2632 2497 2718 qui

398 2753 473 2797 se
525 2752 783 2796 annum
834 2752 974 2797 non
1029 2731 1218 2816 putet
1270 2751 1472 2815 posse
1520 2730 1794 2795 vivere:
1860 2731 1983 2796 sed
2032 2729 2215 2812 idem
2271 2731 2341 2795 in
2398 2734 2496 2798 eis

397 2832 753 2897 elaborant
783 2852 959 2916 quae
993 2830 1217 2895 sciunt
1249 2823 1541 2895 nihil'ad
1574 2851 1647 2894 se
1681 2829 1960 2895 omnino
1993 2826 2373 2915 pertineret

760 2947 920 3008 Serit
950 2947 1198 3006 arbores
1229 2965 1386 3023 quae
1416 2946 1592 3005 alteri
1621 2947 1826 3006 saeclo
1853 2946 2111 3023 prosint,

395 3067 470 3122 ut
503 3056 594 3123 ait
626 3056 884 3138 Statius
917 3045 1145 3122 noster
1176 3055 1246 3120 in
1281 3051 1722 3141 Synephebis.
1831 3070 1925 3121 25.
1988 3054 2143 3121 Nec
2175 3075 2338 3123 vero
2370 3058 2494 3124 du·

396 3157 564 3222 bitat
595 3157 927 3245 agricola,
964 3155 1275 3242 quamvis
1316 3156 1401 3221 sit
1447 3176 1687 3231 sene-x,
1723 3154 2076 3242 quaerenti
2127 3155 2236 3221 cui
2284 3169 2488 3234 serat,

395 3258 853 3341 respondere:
918 3256 1046 3322 Dis
1092 3255 1614 3330 immortalibus,
1666 3255 1783 3342 qui
1832 3276 1942 3320 me
1989 3276 2127 3321 non
2177 3254 2492 3340 accipere

395 3357 600 3422 modo
648 3357 823 3421 haec
872 3376 913 3421 a
960 3355 1345 3452 majoribus
1359 3357 1743 3430 voluerunt,
1781 3355 1904 3420 sed
1952 3354 2156 3420 etiam
2206 3354 2491 3440 posteris

394 3456 708 3540 prodere.

484 3574 642 3619 v111.
697 3554 786 3619 Et
847 3554 1092 3620 melius
1155 3553 1502 3620 Caecilius
1565 3554 1651 3620 de
1714 3575 1876 3620 sene
1941 3553 2132 3619 alteri
2212 3529 2620 3620 saeculo
2673 3545 2679 3552 ’

393 3653 848 3753 prospiciente
895 3676 1104 3742 quam
1152 3637 1337 3719 illud
1364 3654 1596 3720 idem.

527 3829 547 3838 ,
590 3755 874 3846 ·‘³'Edepo‘l
905 3780 1209 3843 senectus,
1239 3763 1293 3829 si
1321 3770 1406 3827 nil
1439 3770 1764 3846 quicquam
1795 3769 1960 3828 aliud
1988 3768 2098 3829 viti

634 3858 946 3937 Adportes
974 3869 1195 3940 tecum,
1225 3878 1362 3917 cum
1393 3857 1665 3930 advenis,
1695 3877 1882 3916 unum
1912 3856 1974 3916 1¹d
2004 3866 2100 3916 sat
2128 3866 2241 3931 est,

632 3946 817 4023 Quod
844 3944 949 4009 diu
975 3948 1238 4008 vivendo
1265 3948 1460 4007 multa
1486 3965 1643 4024 quae
1672 3964 1798 4006 non
1824 3940 1956 4039 volt
1979 3946 2165 4006 videt.
