2817 4459
345 234 436 299 30
1146 216 1255 286 On
1297 217 1441 287 Old
1462 218 1648 308 Age.
2086 220 2262 293 [CA-r.
2288 222 2444 295 MAJ.

344 432 518 500 quas
578 412 910 502 gerebam
985 413 1513 504 intellegebatis.
1641 415 1962 486 Eundem
2019 418 2233 509 igitur
2291 443 2446 490 esse

345 512 695 590 creditote,
753 514 959 580 etiam
1013 514 1073 580 si
1126 515 1392 582 nullum
1447 515 1789 583 videbitis.
1900 530 1998 580 80.
2072 518 2229 588 Nec
2277 543 2446 589 vero

345 612 687 678 clarorum
718 613 1019 679 virorum
1061 625 1217 701 post
1262 626 1550 682 mortem
1591 616 1887 683 honores
1934 632 2440 704 permanerent,

344 710 402 776 si
452 710 625 776 nihil
675 733 914 790 eorum
963 712 1266 800 ipsorum
1317 714 1530 782 animi
1583 716 1958 795 efficerent,
2008 740 2147 808 quo
2191 719 2443 788 diutius

344 810 749 876 memoriam
804 812 910 877 sui
964 823 1378 880 teneremus.
1478 813 1658 882 Mihi
1713 815 1992 903 quidem
2047 821 2443 906 persuaderi

343 930 723 997 numquam
783 911 1000 998 potuit
1060 912 1330 979 animos
1392 913 1561 980 dum
1620 914 1694 981 in
1757 918 2154 1005 corporibus
2216 930 2446 986 essent

344 1010 744 1076 mortalibus
774 1011 1033 1088 vivere,
1069 1032 1227 1078 cum
1260 1014 1721 1082 excessissent
1758 1038 1847 1083 ex
1877 1018 1978 1085 eis
2008 1018 2263 1095 emori3
2314 1041 2445 1085 nec

341 1129 509 1176 vero
550 1120 694 1176 tum
727 1111 1036 1177 animum
1074 1131 1228 1178 esse
1274 1112 1709 1199 insipientem
1758 1138 1916 1184 cum
1963 1139 2053 1186 ex
2098 1118 2443 1205 insipienti

344 1230 632 1296 corpore
663 1210 1035 1287 evasisset3
1114 1211 1239 1278 sed
1272 1233 1432 1279 cum
1463 1215 1651 1282 omni
1692 1217 2109 1284 admixtione
2143 1217 2445 1304 corporis

343 1308 671 1375 liberatus
725 1331 938 1396 purus
1003 1320 1070 1377 et
1129 1310 1401 1401 integer
1464 1336 1615 1384 esse
1670 1316 2032 1403 coepisset,
2083 1327 2230 1384 tum
2292 1338 2443 1386 esse

345 1408 752 1495 sapientem.
846 1407 1080 1498 Atque
1126 1410 1356 1491 etiam,
1390 1434 1549 1480 cum
1597 1414 1896 1482 hominis
1941 1427 2185 1482 natura
2232 1426 2445 1483 morte

344 1507 760 1584 dissolvitur,
791 1520 1170 1577 ceterarum
1206 1533 1435 1580 rerum
1467 1514 1904 1604 perspicuum
1939 1526 2041 1581 est
2069 1537 2205 1603 quo
2236 1537 2447 1603 quae-

343 1629 478 1697 que
511 1607 844 1684 discedat,
881 1609 1135 1676 abeunt
1166 1612 1350 1678 enim
1382 1613 1547 1679 illuc
1578 1614 1809 1680 omnia
1840 1615 2023 1680 unde
2055 1626 2201 1681 orta
2244 1626 2441 1690 sunt3

345 1707 877 1801 animuslautem
927 1711 1114 1777 solus
1161 1732 1292 1778 nec
1333 1734 1488 1778 cum
1540 1715 1736 1780 adest
1778 1734 1909 1780 nec
1954 1735 2113 1780 curn
2159 1714 2448 1781 discedit

346 1809 657 1904 adparet.
774 1827 858 1876 81.
909 1810 1072 1897 Jarn
1115 1833 1281 1879 vero
1326 1812 1570 1879 videtis
1625 1813 1796 1878 nihil
1858 1834 2011 1880 esse
2058 1813 2256 1881 morti
2302 1826 2442 1879 tarn

345 1908 569 1976 simile
602 1930 812 1997 quam
846 1931 1188 1977 somnum.
1254 1910 1469 2001 Atqui
1504 1912 1982 1979 dormientium
2010 1913 2220 1980 animi
2253 1935 2447 1978 max-

344 2010 483 2104 ime
517 2011 871 2077 declarant
901 2010 1324 2077 divinitatem
1369 2033 1565 2077 suam
1590 2034 1608 2086 3
1659 2012 1871 2077 multa
1918 2012 2103 2077 enim
2135 2034 2293 2078 curn
2340 2033 2448 2078 re-

346 2111 539 2178 missi
573 2122 642 2178 et
681 2110 879 2177 liberi
926 2121 1083 2176 sunt
1127 2110 1354 2176 futura
1385 2110 1831 2198 prospiciunt.
1886 2182 1892 2188 ,
1927 2110 2039 2178 Ex
2070 2133 2206 2199 quo
2252 2111 2448 2178 intel-

346 2212 599 2302 legitur
622 2211 863 2299 quales
889 2208 1095 2275 futuri
1120 2210 1281 2287 sint,
1310 2232 1468 2278 cum
1494 2231 1569 2276 se
1593 2210 1800 2297 plane
1826 2210 2129 2297 corporis
2153 2211 2447 2277 vinculis

348 2312 834 2379 relaxaverint.
906 2308 1069 2397 Qa
1102 2330 1205 2385 re,
1241 2309 1298 2376 si
1333 2310 1509 2375 haec
1540 2308 1633 2374 ita
1664 2320 1848 2385 sunt,
1883 2310 1984 2375 sic
2016 2331 2125 2377 me
2159 2310 2447 2377 colitote’

348 2412 569 2501 inquit
617 2422 636 2454 ‘
659 2422 736 2478 ut
765 2411 1000 2478 deum.
1097 2409 1225 2476 Sin
1257 2429 1395 2476 una
1429 2420 1532 2474 est
1562 2408 1951 2476 interiturus
1986 2410 2256 2476 animus
2289 2431 2447 2476 cum

351 2533 665 2600 corpore,
699 2533 824 2578 vos
868 2522 1128 2586 tamen,
1180 2510 1346 2576 deos
1393 2518 1732 2586 verentes,
1781 2509 1899 2595 qui
1948 2510 2129 2576 hanc
2174 2522 2450 2576 omnem

351 2611 931 2700 pulchritudinem
982 2620 1257 2677 tuentur
1317 2618 1386 2676 et
1444 2618 1718 2697 regunt,
1775 2609 2179 2676 memoriam
2239 2609 2453 2676 nostri

351 2713 465 2802 pie
512 2711 972 2799 inviolateque
1017 2708 1426 2776 servabitis!

443 2831 655 2878 xxm.
735 2828 829 2877 82.
891 2809 1122 2898 Cyrus
1177 2808 1456 2898 quidem
1512 2807 1688 2874 haec
1747 2807 2070 2875 moriens.
2167 2807 2344 2884 Nos,
2395 2806 2454 2874 si

353 2912 603 3001 placet,
634 2921 864 2977 nostra
895 2910 1280 2976 videamus.
1347 2907 1578 2974 Nemo
1611 2927 1939 2994 umquam
1971 2907 2165 2985 mihi,
2194 2906 2455 2993 Scipio,

354 3011 793 3099 persuadebit
839 3022 957 3076 aut
1002 3019 1266 3097 patrem
1312 3019 1506 3076 tuum
1548 3007 1871 3083 Paulum,
1909 3018 2024 3073 aut
2071 3008 2243 3076 duos
2290 3028 2456 3074 avos

354 3111 652 3177 Paulum
708 3120 774 3176 et
818 3107 1256 3185 Africanum,
1308 3120 1426 3174 aut
1470 3106 1785 3175 Africani
1846 3119 2113 3196 patrem
2161 3119 2279 3173 aut
2333 3128 2457 3193 pa-

354 3223 608 3286 truum,
662 3220 777 3275 aut
831 3209 1080 3275 multos
1129 3209 1540 3295 praestantis
1588 3208 1773 3275 viros
1827 3229 1997 3296 quos
2051 3226 2457 3274 enumerare

357 3333 497 3377 non
529 3320 631 3376 est
660 3329 967 3384 necesse,
1000 3318 1185 3374 tanta
1219 3329 1372 3374 esse
1406 3320 1687 3376 conatos
1717 3329 1897 3397 quae
1929 3309 2018 3373 ad
2051 3306 2456 3394 posteritatis

358 3409 762 3476 memoriam
797 3406 1237 3494 pertinerent,
1272 3407 1405 3476 nisi
1453 3408 1684 3475 animo
1717 3419 2077 3475 cernerent
2106 3407 2459 3493 posterita-

356 3521 496 3577 tem
522 3508 611 3574 ad
637 3529 710 3575 se
735 3507 1095 3595 pertinere.
1155 3505 1276 3572 An
1308 3528 1551 3574 censes
1570 3545 1659 3557 —
1679 3518 1752 3573 ut
1775 3508 1863 3575 de
1890 3529 1999 3574 me
2025 3507 2174 3594 ipso
2201 3506 2459 3593 aliquid

360 3628 551 3676 more
590 3628 833 3676 senum
875 3607 1370 3695 glorier—me
1411 3617 1636 3673 tantos
1681 3607 1952 3674 labores
1985 3607 2267 3673 diurnos
2299 3626 2461 3671 noc-

358 3720 729 3797 turnosque
752 3706 936 3775 domi
958 3705 1372 3794 militiaeque
1398 3717 1877 3793 suscepturum
1897 3706 2133 3783 fuisse,
2155 3705 2215 3773 si
2239 3706 2459 3772 isdem

361 3808 613 3874 finibus
664 3807 959 3896 gloriam
1011 3828 1238 3872 meam
1289 3804 1539 3894 quibus
1587 3805 1800 3873 vitam
1854 3827 2079 3873 essem
2138 3805 2460 3872 termina-

362 3906 598 3976 turus?
688 3906 944 3976 Nonne
990 3905 1237 3974 melius
1285 3908 1500 3973 multo
1546 3903 1785 3973 suisset
1828 3906 2119 3975 otiosam
2166 3916 2461 3973 aetatem
