2817 4459
418 268 496 308 v1.
532 254 636 325 19.]
957 234 1033 299 It
1077 233 1300 321 Unfits
1320 235 1469 321 sor
1496 231 1748 299 Active
1776 231 1973 317 Lifi.
2479 246 2517 317 7

418 434 694 507 debant,
725 430 895 494 nihil
923 428 1267 518 agebant?
1343 446 1430 493 16.
1467 427 1583 493 Ad
1611 427 1797 513 Appi
1824 427 2074 494 Claudi
2102 431 2520 495 senectutem

420 532 793 598 accedebat
838 530 1047 594 etiarn
1097 541 1170 594 ut
1217 550 1466 594 caecus
1516 540 1733 600 esset3
1781 541 2011 593 tamen
2055 530 2137 602 is,
2175 551 2331 595 cum
2367 552 2522 594 sen-

420 632 626 698 tentia
658 643 935 696 senatus
968 629 1325 693 inclinaret
1359 629 1447 691 ad
1483 648 1722 712 pacem
1757 648 1913 692 cum
1948 627 2216 714 Pyrrho
2251 630 2518 693 foedus-

418 754 551 819 que
600 731 1016 802 faciendum,
1055 750 1190 793 non
1227 727 1558 792 dubitavit
1589 727 1817 792 dicere
1851 727 1967 791 illa
2001 749 2178 813 quae
2213 728 2518 793 versibus

419 844 815 917 persecutus
847 842 955 895 est
980 828 1289 894 Ennius:

657 988 799 1061 Quo
826 986 1000 1046 vobis
1030 995 1288 1057 mentes,
1320 993 1524 1043 rectae
1555 1001 1711 1059 quae
1742 991 1905 1042 stare
1935 983 2218 1043 solebant

660 1077 958 1149 Antehac,
989 1076 1304 1134 dementes
1337 1092 1476 1133 sese
1504 1072 1727 1131 flexere
1756 1072 1916 1131 viai?

418 1232 798 1310 ceteraque
856 1222 1303 1310 gravissime:
1385 1230 1620 1284 notum
1701 1218 1885 1283 enim
1962 1218 2157 1284 vobis
2235 1239 2515 1284 carmen

418 1334 559 1396 est3
609 1324 812 1387 etiam
860 1322 1073 1408 ipsius
1106 1321 1291 1406 Appi
1327 1331 1548 1385 exstat
1594 1318 1833 1383 oratio.
1932 1316 2161 1403 Atque
2196 1318 2370 1381 haec
2405 1319 2519 1382 ille

316 1403 328 1416 ’
417 1422 562 1509 egit
616 1421 904 1506 septimo
959 1421 1226 1485 decimo
1284 1440 1465 1483 anno
1514 1428 1668 1503 post
1720 1419 2007 1481 alterum
2059 1418 2513 1492 consulatum,

418 1519 576 1586 cum
628 1521 802 1585 inter
851 1521 1023 1585 duos
1073 1520 1464 1584 consulatus
1518 1516 1679 1581 anni
1733 1518 1973 1580 decem
2030 1515 2514 1590 interfuissent,

421 1641 798 1706 censorque
824 1630 980 1684 ante
1013 1619 1433 1703 superiorem
1469 1618 1898 1682 consulatum
1935 1615 2210 1689 fuisset3
2262 1637 2350 1679 ex
2383 1636 2518 1700 quo

419 1720 837 1806 intellegitur
861 1718 963 1806 Py
970 1719 1106 1782 rrhi
1134 1719 1313 1783 bello
1343 1717 1677 1812 grandem
1702 1737 1869 1781 sane
1898 1715 2147 1779 fuisse:
2194 1726 2261 1779 et
2286 1726 2515 1779 tamen

419 1820 520 1884 sic
554 1840 609 1883 a
628 1819 929 1903 patribus
963 1817 1377 1902 accepimus.
1415 1822 1421 1829 '
1474 1833 1556 1881 17.
1605 1816 1797 1880 Nihil
1827 1799 2034 1902 igitur
2058 1814 2375 1879 adserunt
2400 1815 2515 1901 qui

421 1919 491 1982 in
526 1940 599 1983 re
632 1918 943 2004 gerunda
978 1917 1231 1981 versari
1267 1929 1682 1981 senectutem
1728 1924 2041 2003 negant3
2084 1912 2514 2001 [similesque

419 2017 610 2106 sunt]
650 2029 723 2081 ut
754 2018 809 2082 si
843 2016 956 2104 qui
991 2009 1518 2103 gubernatorem
1552 2018 1621 2079 in
1656 2009 2052 2102 navigando
2090 2013 2257 2077 nihil
2307 2034 2515 2099 agere

418 2119 673 2192 dicant,
711 2138 866 2182 curn
904 2116 1018 2181 alii
1057 2117 1271 2180 malos
1303 2116 1668 2189 scandant,
1697 2115 1813 2179 alii
1848 2136 1971 2200 per
2004 2112 2186 2179 foros
2213 2127 2513 2189 cursent,

421 2218 535 2281 alii
587 2216 925 2281 sentinam
977 2216 1411 2290 exhauriant,
1468 2215 1581 2280 ille
1633 2216 1903 2281 clavum
1958 2226 2198 2279 tenens
2250 2215 2517 2301 quietus

420 2318 652 2381 sedeat
698 2315 768 2379 in
818 2314 1053 2401 puppi.
1157 2313 1317 2379 Non
1359 2314 1520 2379 facit
1552 2335 1635 2379 ea
1667 2335 1844 2402 quae
1872 2313 2205 2401 juvenes:
2257 2327 2325 2380 at
2355 2338 2520 2381 vero

421 2403 679 2503 majora
748 2425 814 2479 et
883 2414 1165 2478 meliora
1236 2414 1421 2478 facit.
1518 2412 1679 2479 Non
1753 2414 2009 2479 viribus
2082 2426 2200 2481 aut
2266 2416 2523 2481 veloci-

418 2526 552 2580 tate
602 2525 718 2579 aut
750 2514 1096 2579 ,celeritate
1130 2534 1490 2599 corporum
1526 2536 1633 2578 res
1667 2535 1967 2600 magnae
2003 2527 2356 2602 geruntur,
2394 2518 2521 2583 sed

420 2615 728 2689 consili0‚
767 2613 1188 2688 auctoritate,
1225 2613 1599 2689 sententia3
1648 2614 1893 2700 quibus
1943 2637 2081 2679 non
2130 2616 2332 2681 modo
2380 2637 2521 2680 non

419 2713 672 2787 orbari,
737 2713 860 2778 sed
924 2715 1127 2778 etiam
1192 2713 1430 2799 augeri
1496 2726 1812 2779 senectus
1877 2716 2072 2780 solet.
2216 2734 2299 2781 18.
2361 2715 2516 2781 Nisi

422 2814 588 2877 forte
623 2834 756 2898 ego
788 2813 1005 2885 vobiS,
1042 2813 1153 2898 qui
1191 2824 1256 2876 et
1304 2813 1500 2877 miles
1551 2825 1616 2877 et
1665 2815 1974 2878 tribunus
2024 2825 2090 2878 et
2135 2815 2403 2902 legatus
2453 2828 2519 2880 et

422 2913 659 2977 consul
695 2923 1000 2975 versatus
1044 2934 1192 2975 sum
1228 2911 1296 2975 in
1330 2912 1522 2978 vario
1558 2934 1814 3000 genere
1848 2914 2207 2987 bellorum,
2246 2935 2516 2979 cessare

424 3032 606 3075 nunc
656 3011 892 3075 videor
943 3031 1097 3083 cum
1150 3011 1328 3075 bella
1383 3034 1518 3075 non
1577 3033 1772 3099 gero.
1869 3011 1964 3076 At
2018 3014 2282 3077 senatui
2339 3036 2517 3101 quae

422 3111 554 3175 sint
577 3111 882 3197 gerenda
911 3111 1326 3195 praescrib0‚
1352 3123 1419 3176 et
1443 3134 1577 3198 quo
1607 3113 1807 3177 modo
1834 3134 1849 3174 z
1896 3111 2313 3200 Karthagini
2338 3114 2517 3179 male

432 3212 575 3297 jam
627 3210 743 3274 diu
788 3210 1110 3296 cogitanti
1147 3211 1401 3275 bellum
1441 3211 1649 3275 multo
1683 3221 1839 3275 ante
1874 3212 2225 3289 denuntio,
2262 3214 2348 3278 de
2380 3234 2517 3300 qua

423 3308 640 3374 vereri
690 3331 825 3373 non
875 3322 1031 3374 ante
1071 3310 1381 3375 desinam
1417 3331 1624 3396 quam
1657 3310 1846 3374 illam
1882 3312 2185 3375 excisam
2222 3335 2371 3377 esse
2405 3335 2580 3408 co-

421 3430 744 3494 gnovero.
835 3426 919 3472 19.
985 3408 1219 3493 Qam
1284 3411 1585 3494 palmam
1645 3407 1905 3474 utinam
1955 3409 2046 3475 Di
2093 3411 2511 3501 inmortaleS‚

422 3508 680 3594 Scipio,
715 3508 833 3573 tibi
868 3519 1238 3582 reservent,
1276 3521 1348 3573 ut
1380 3508 1491 3572 avi
1524 3509 1847 3596 reliquias
1892 3485 2368 3595 persequar&
2400 3532 2518 3575 cu-

432 3608 544 3694 jus
593 3629 633 3673 a
682 3620 897 3673 morte
945 3619 1178 3672 sextus
1228 3607 1341 3671 hic
1388 3618 1456 3672 et
1500 3607 1885 3673 tricesimus
1936 3630 2154 3674 annus
2203 3622 2343 3674 est:
2393 3612 2516 3676 sed

422 3709 821 3773 memoriam
856 3707 1036 3772 illius
1068 3706 1194 3770 viri
1226 3728 1464 3771 omnes
1497 3706 1842 3791 excipient
1883 3708 2043 3771 anni
2092 3730 2517 3796 consequen-

421 3819 544 3872 tes.
643 3803 852 3872 Anno
917 3818 1072 3870 ante
1136 3826 1247 3869 me
1302 3825 1660 3870 censorem
1722 3817 2028 3871 mortuus
2081 3819 2207 3881 est,
2265 3830 2515 3874 novem

422 3907 618 3973 annis
651 3918 803 3993 post
850 3928 1078 3969 meum
1128 3905 1585 3980 consulatum,
1622 3925 1779 3969 cum
1826 3905 2064 3971 consul
2111 3906 2356 3971 iterum
2405 3928 2516 3974 me
