2817 4459
384 282 558 325 xxm·
601 270 715 345 85·]
891 272 1231 363 Prospect
1273 273 1371 359 qs
1393 294 1442 337 a
1486 270 1741 339 Better
1780 261 1980 360 Life.
2398 290 2482 358 31

386 481 454 539 et
482 470 784 559 quietam
819 470 966 537 sine
1014 472 1159 536 ullo
1205 470 1443 537 labore
1490 478 1559 536 et
1604 469 2035 537 contentione
2080 469 2488 538 traducere?

386 572 532 639 Sed
564 571 797 638 nescio
828 593 966 660 quo
1006 572 1213 638 modo
1260 571 1532 637 animus
1580 571 1858 659 erigens
1905 592 1980 636 se
2028 572 2489 658 posteritatem

384 672 479 738 ita
527 693 801 758 semper
845 671 1330 759 prospiciebat,
1366 670 1562 758 quasi
1612 691 1772 736 cum
1819 672 2228 737 excessisset
2274 693 2312 736 e
2351 672 2490 737 vita

386 783 528 839 tum
578 773 874 860 denique
916 772 1219 837 victurus
1267 784 1473 837 esset.
1574 769 1783 855 Qod
1831 772 2108 858 quidem
2158 771 2228 836 ni
2275 770 2369 836 ita
2417 794 2490 838 se

388 873 695 947 haberet,
723 885 796 938 ut
827 871 1037 938 animi
1072 871 1470 936 inmortales
1496 883 1752 947 essent,
1781 871 1967 936 haud
1991 870 2229 958 optimi
2262 872 2492 959 cujus-

387 993 524 1060 que
568 971 837 1037 animus
884 971 1186 1036 maxime
1230 971 1319 1035 ad
1367 970 1868 1036 inmortalitatis
1915 970 2207 1058 gloriam
2247 972 2494 1037 nitere-

387 1084 520 1138 tur.
585 1089 678 1138 83.
727 1071 943 1157 Qid,
970 1071 1153 1159 quod
1186 1068 1732 1156 sapientissimus
1756 1070 2044 1158 quisque
2078 1071 2493 1158 aequissimo

391 1172 623 1240 animo
656 1172 961 1249 moritur,
997 1170 1432 1237 stultissimus
1466 1169 1938 1259 iniquissimo?
2012 1169 2268 1237 Nonne
2298 1171 2493 1237 vobis

389 1272 658 1340 videtur
687 1272 747 1338 is
780 1272 1076 1347 animus,
1111 1271 1227 1359 qui
1268 1271 1423 1356 plus
1456 1281 1692 1335 cernat
1723 1282 1790 1336 et
1821 1271 2119 1358 longiuS,
2153 1271 2385 1337 videre
2418 1292 2494 1336 se

391 1373 482 1438 ad
515 1372 800 1439 meliora
832 1371 1214 1458 proficisci3
1262 1371 1379 1436 ille
1430 1382 1657 1435 autem
1692 1370 1802 1436 cui
1834 1368 2136 1437 obtusior
2175 1370 2262 1436 sit
2307 1370 2495 1436 acies

391 1493 531 1538 non
580 1471 861 1537 videre?
958 1470 1301 1558 Equidem
1352 1469 1602 1537 efferor
1652 1470 1876 1536 studio
1925 1482 2156 1557 patres
2202 1481 2492 1547 vestros,

391 1593 566 1659 quos
606 1570 789 1637 colui
838 1582 906 1636 et
954 1570 1192 1646 dilexi,
1235 1569 1558 1645 videndi3
1607 1590 1835 1657 neque
1886 1591 2050 1636 vero
2104 1591 2222 1637 eos
2272 1570 2496 1636 solum

391 1672 762 1740 convenire
812 1691 984 1737 aveo
1013 1692 1185 1758 quos
1232 1671 1382 1757 ipse
1422 1670 1745 1759 cognovi,
1784 1669 1906 1736 sed
1954 1670 2108 1736 illos
2155 1669 2362 1736 etiam
2408 1669 2497 1735 de

392 1772 642 1859 quibus
675 1771 906 1837 audivi
939 1781 1008 1837 et
1054 1770 1192 1859 legi
1236 1782 1305 1836 et
1348 1771 1497 1856 ipse
1531 1770 1927 1856 conscripsi.
2025 1767 2187 1855 Qo
2217 1768 2498 1857 quidem

393 1893 508 1937 me
558 1871 1101 1957 proficiscentem
1159 1871 1347 1937 haud
1398 1891 1567 1936 sane
1628 1869 1783 1957 quis
1845 1870 2049 1936 facile
2112 1869 2494 1944 retraxerit,

394 1993 526 2052 nec
599 1982 951 2058 tamquam
1015 1969 1279 2036 Peliam
1351 1972 1713 2036 recoxerit.
1840 1969 1932 2037 Et
1991 1970 2048 2036 si
2110 1969 2266 2057 quis
2328 1970 2498 2036 deus

395 2075 565 2139 mihi
619 2073 954 2162 largiatur
1005 2083 1082 2138 ut
1135 2095 1224 2138 ex
1287 2074 1423 2138 hac
1472 2084 1691 2139 aetate
1753 2093 2239 2160 repuerascam
2300 2083 2367 2138 et
2427 2071 2498 2137 in

324 2223 327 2224 f
394 2174 592 2240 cunis
636 2173 946 2261 vagiam,
980 2173 1186 2238 valde
1233 2194 1588 2250 recusem3
1637 2192 1769 2239 nec
1812 2194 1979 2240 vero
2023 2172 2260 2250 velim,
2300 2171 2499 2260 quasi

391 2276 685 2341 decurso
717 2272 965 2358 spatio,
1001 2272 1089 2338 ad
1123 2293 1437 2339 carceres
1469 2293 1510 2338 a
1542 2274 1736 2340 calce
1767 2273 2101 2340 revocari.
2167 2290 2262 2338 84.
2307 2271 2498 2359 Qid

394 2375 580 2439 enim
620 2375 827 2438 habet
868 2372 1007 2437 vita
1055 2370 1445 2438 commodi?
1526 2371 1720 2460 Qid
1758 2394 1894 2438 non
1940 2372 2164 2459 potius
2201 2371 2501 2440 laboris?

395 2473 540 2539 Sed
592 2474 842 2538 habeat
896 2492 1106 2537 sane:
1158 2472 1366 2537 habet
1424 2485 1604 2538 certe
1660 2483 1891 2538 tamen
1950 2484 2065 2537 aut
2118 2472 2498 2539 satietatem

394 2583 514 2638 aut
560 2572 867 2637 modum.
964 2569 1128 2638 Non
1176 2571 1363 2636 lubet
1409 2573 1593 2638 enim
1643 2571 1809 2636 mihi
1858 2571 2220 2658 deplorare
2256 2572 2496 2649 vitam,

394 2679 579 2766 quod
611 2678 804 2743 multi
838 2688 904 2742 et
934 2676 980 2741 ii
1013 2677 1194 2744 docti
1227 2699 1439 2762 saepe
1470 2678 1818 2744 fecerunt:
1852 2700 2076 2766 neque
2110 2701 2221 2746 me
2244 2680 2498 2746 vixisse

396 2778 720 2864 paenitet,
771 2777 1095 2865 quoniam
1146 2777 1240 2842 ita
1290 2777 1432 2843 vixi
1483 2789 1557 2843 ut
1610 2800 1749 2845 non
1800 2779 2048 2845 frustra
2100 2800 2212 2845 me
2261 2791 2500 2846 natum

394 2879 802 2944 existumem
828 2900 846 2952 ;
881 2889 948 2943 et
978 2898 1067 2943 ex
1093 2876 1230 2942 vita
1260 2877 1353 2943 ita
1378 2877 1660 2944 discedo
1686 2890 2035 2966 tamquam
2061 2899 2151 2944 ex
2177 2880 2494 2967 hospitio,

394 2999 535 3045 non
592 2988 946 3064 tamquam
1009 2997 1050 3043 e
1110 2977 1340 3044 domo.
1454 2976 1947 3044 Commorandi
2010 2978 2192 3045 enim
2254 2991 2499 3045 natura

394 3077 864 3144 devorsorium
911 3077 1134 3152 nobis,
1171 3098 1311 3143 non
1357 3076 1710 3143 habitandi
1744 3078 1956 3145 dedit.
2051 3096 2140 3144 85.
2202 3078 2269 3146 O
2300 3101 2500 3168 prae-

397 3179 658 3243 clarum
716 3177 925 3251 diem,
976 3198 1134 3242 cum
1190 3177 1262 3242 in
1313 3177 1487 3244 illud
1536 3177 1843 3244 divinum
1901 3183 2282 3249 animorum
2335 3203 2499 3249 con-

396 3277 629 3342 cilium
663 3288 1068 3364 coetumque
1102 3278 1525 3364 proficiscar,
1560 3302 1856 3369 cumque
1889 3303 1977 3348 ex
2011 3284 2145 3348 hac
2190 3284 2388 3349 turba
2431 3294 2501 3350 et

396 3376 806 3443 conluvione
855 3376 1248 3443 discedam!
1367 3377 1778 3447 Proficiscar
1822 3381 2007 3448 enim
2054 3405 2193 3449 non
2241 3384 2329 3448 ad
2378 3402 2500 3451 eos

396 3479 617 3544 solum
649 3478 831 3544 viros
862 3479 948 3544 de
981 3479 1228 3567 quibus
1261 3493 1421 3548 ante
1452 3483 1621 3559 dixi,
1656 3505 1897 3551 verum
1930 3485 2135 3552 etiam
2169 3486 2258 3553 ad
2291 3482 2501 3552 Cato·

396 3598 556 3642 nem
606 3599 860 3654 meum,
896 3600 1032 3665 quo
1064 3600 1268 3646 nemo
1298 3581 1404 3647 vir
1436 3583 1677 3649 melior
1707 3596 1908 3651 natus
1939 3597 2065 3661 est,
2102 3608 2308 3653 nemo
2351 3587 2498 3676 pie·

394 3687 534 3742 tate
566 3680 1056 3763 praestantior3
1104 3682 1301 3770 cujus
1334 3704 1375 3749 a
1409 3706 1521 3750 me
1565 3708 1813 3774 corpus
1847 3698 1949 3753 est
1978 3700 2382 3766 crematum,
2402 3723 2500 3737 -—

396 3777 580 3866 quod
614 3788 847 3843 contra
882 3779 1109 3845 decuit
1151 3784 1238 3847 ab
1286 3783 1404 3849 illo
1438 3788 2097 3862 meum,—animus
2144 3811 2308 3856 vero
2354 3813 2493 3858 non

398 3898 510 3942 me
535 3878 884 3955 deserens,
914 3880 1037 3945 sed
1070 3894 1492 3966 respectans,
1521 3885 1592 3950 in
1619 3907 1701 3952 ea
1726 3887 2030 3973 profecto
2062 3890 2214 3955 loca
2239 3891 2495 3958 disces·

398 3976 508 4055 sit,
544 3999 681 4067 quo
707 3978 873 4045 mihi
905 3978 1035 4068 ipsi
1069 3984 1390 4051 cernebat
1422 4007 1573 4053 esse
1596 3987 2034 4055 veniendum.
2102 3987 2334 4077 Qem
2357 4014 2492 4082 ego
