2817 4459
401 241 522 281 XVI·
551 228 662 301 56]
906 228 1050 296 The
1106 228 1247 297 Old
1285 231 1565 297 Roman
1636 231 1991 299 Wortlzz’es.
2413 255 2494 303 21

402 448 650 515 agrum
683 436 751 493 et
781 448 940 492 eum
974 437 1464 493 stercorantem
1498 428 1683 494 facit.
1766 429 1923 496 Nec
1952 451 2117 497 vero
2150 432 2500 520 segetibus

400 528 622 594 solum
656 538 723 593 et
752 528 964 613 pratis
997 539 1064 593 et
1092 528 1311 594 vineis
1345 539 1411 593 et
1445 530 1736 595 arbustis
1779 551 1888 596 res
1935 532 2230 597 rusticae
2278 534 2500 601 laetae
2587 577 2600 596 .

400 638 583 705 sunt,
648 627 771 693 sed
834 626 1045 694 hortis
1107 628 1313 693 etiam
1377 640 1445 694 et
1515 630 1885 715 pomariis3
1946 641 2092 697 tum
2155 633 2498 719 pecudum

396 739 624 812 pastu,
678 726 910 812 apium
973 728 1432 805 examinibus,
1483 727 1730 794 florum
1790 731 2096 796 omnium
2143 733 2495 799 varietate.

399 826 556 892 Nec
587 826 997 893 consitiones
1041 827 1245 893 modo
1293 828 1658 905 delectant,
1697 830 1820 895 sed
1867 830 2072 896 etiam
2120 832 2498 911 insitioneS,

397 927 644 1014 quibus
677 927 847 991 nihil
879 926 1138 991 invenit
1171 927 1589 1015 agricultura
1622 929 1985 995 sollertius.

487 1047 642 1092 XVI.
695 1043 786 1090 55.
862 1025 1154 1092 Possum
1216 1028 1536 1115 persequi
1600 1030 1939 1115 permulta
2000 1030 2500 1098 oblectamenta

397 1147 625 1191 rerum
672 1126 1122 1202 rusticarum3
1169 1127 1293 1192 sed
1327 1148 1409 1192 ea
1444 1127 1594 1213 ip'sa
1626 1150 1803 1215 quae
1837 1130 1981 1195 dixi
2029 1131 2246 1197 sentio
2294 1131 2501 1197 fuisse

397 1226 736 1314 longiora.
789 1225 1170 1314 Ignoscetis
1204 1238 1476 1302 autem3
1510 1249 1672 1293 nam
1700 1240 1767 1294 et
1798 1231 2021 1296 studio
2044 1251 2272 1296 rerum
2305 1230 2502 1296 rusti-

398 1347 634 1392 carum
663 1337 1026 1412 provectus
1057 1347 1236 1402 sum,
1268 1336 1334 1391 et
1364 1340 1682 1394 senectus
1717 1339 1819 1394 est
1850 1341 2094 1394 natura
2125 1330 2500 1416 loquacior,

396 1447 485 1491 ne
534 1426 621 1491 ab
668 1424 986 1491 omnibus
1034 1446 1188 1490 eam
1221 1426 1401 1492 vitiis
1433 1427 1672 1492 videar
1703 1428 2078 1493 vindicare.
2190 1428 2381 1516 Ergo
2426 1428 2499 1494 in

399 1526 533 1591 hac
555 1526 694 1592 vita
718 1524 841 1590 M’.
873 1524 1153 1602 Curius,
1183 1547 1340 1592 cum
1375 1528 1462 1592 de
1488 1525 1936 1604 Samnitibus,
1968 1529 2053 1593 de
2081 1526 2382 1605 Sabinis,
2413 1530 2499 1594 de

397 1624 667 1715 Pyrrho
712 1626 1293 1712 triumphavisset,
1331 1627 1754 1713 consumpsit
1801 1639 2182 1692 extremum
2227 1637 2497 1713 tempus

398 1728 678 1794 aetatis:
727 1727 922 1816 cujus
955 1726 1234 1814 quidem
1268 1748 1404 1815 ego
1436 1727 1672 1792 villam
1706 1727 2498 1812 contemplans—abest

397 1829 581 1895 enim
630 1850 767 1894 non
814 1830 1024 1915 longe
1080 1848 1121 1892 a
1174 1821 1399 1892 me—‘-
1425 1827 1746 1892 admirari
1804 1825 1968 1892 satis
2024 1848 2161 1892 non
2215 1848 2497 1911 possum

396 1930 506 1994 vel
540 1928 835 1994 hominis
867 1928 1082 2013 ipsius
1115 1927 1601 1993 continentiam
1635 1927 1744 1991 vel
1776 1937 2160 2012 temporum
2194 1926 2499 2011 discipli-

397 2050 585 2094 nam.
680 2043 772 2089 56.
819 2026 1031 2094 Curio
1066 2027 1154 2092 ad
1189 2027 1417 2092 focum
1462 2025 1721 2090 sedenti
1770 2046 2100 2112 magnum
2137 2024 2281 2089 auri
2328 2046 2497 2110 pon-

397 2129 528 2195 dus
554 2127 899 2193 Samnites
924 2148 1082 2193 cum
1111 2127 1517 2202 attulissent,
1546 2123 1883 2210 repudiati
1917 2134 2113 2198 sunt;
2148 2145 2284 2189 non
2312 2124 2494 2189 enim

399 2248 640 2293 aurum
677 2227 931 2292 habere
964 2227 1395 2313 praeclarum
1432 2224 1557 2290 sibi
1594 2223 1807 2289 videri
1840 2222 2035 2298 dixit,
2073 2223 2195 2288 sed
2243 2223 2340 2288 eis
2378 2223 2497 2310 qui

398 2327 733 2392 haberent
786 2347 1029 2391 aurum
1072 2326 1440 2412 imperare.
1530 2322 1891 2388 Poteratne
1945 2331 2173 2388 tantus
2227 2322 2495 2389 animus

398 2428 671 2495 efficere
732 2449 870 2493 non
919 2427 1301 2516 jucundam
1365 2422 1830 2492 senectutem?
1954 2422 2098 2489 Sed
2150 2424 2351 2489 venio
2408 2425 2497 2491 ad

400 2528 768 2616 agricolas,
804 2548 892 2592 ne
927 2547 967 2592 a
1000 2548 1111 2594 me
1157 2527 1307 2614 ipso
1342 2525 1689 2592 recedam.
1788 2523 1869 2587 In
1903 2523 2089 2611 agris
2123 2534 2316 2588 erant
2350 2535 2494 2589 tum

399 2638 773 2704 senatoreS,
821 2626 893 2692 id
940 2637 1042 2693 est
1086 2648 1328 2717 senes3
1380 2625 1715 2712 siquidem
1766 2622 1986 2687 aranti
2032 2621 2121 2687 L.
2168 2620 2495 2708 Qinctio

398 2725 812 2793 Cincinnato
845 2726 1225 2792 nuntiatum
1262 2738 1363 2793 est
1395 2747 1555 2790 eum
1590 2724 1988 2789 dictatorem
2022 2743 2174 2787 esse
2207 2721 2490 2800 sactum,

398 2827 593 2915 cujus
641 2826 987 2892 dictatoris
1041 2826 1237 2913 jussu
1295 2826 1625 2913 magister
1672 2822 1972 2909 equitum
2022 2821 2109 2887 C.
2162 2821 2494 2889 Servilius

399 2925 631 2991 Ahala
681 2925 809 3012 Sp.
864 2925 1201 2991 Maelium
1253 2947 1547 3013 regnum
1600 2923 2030 3008 adpetentem
2086 2933 2493 3006 occupatum

399 3025 761 3091 interemit.
861 3024 933 3091 A
976 3025 1140 3090 villa
1187 3026 1258 3090 in
1291 3037 1606 3091 senatum
1642 3022 2115 3088 arcessebatur
2146 3032 2212 3086 et
2242 3020 2494 3086 Curius

399 3134 467 3190 et
519 3125 725 3190 ceteri
776 3146 1002 3202 senes,
1053 3146 1141 3190 ex
1187 3146 1324 3211 quo
1378 3125 1494 3212 qui
1548 3145 1666 3190 eos
1718 3120 2156 3186 arcessebant
2201 3120 2495 3185 viatores

399 3224 729 3289 nominati
778 3235 954 3289 sunt.
1052 3223 1242 3289 Num
1304 3225 1514 3313 igitur
1563 3225 1806 3288 horum
1854 3230 2167 3285 senectus
2215 3219 2497 3284 misera-

398 3324 556 3389 bilis
601 3324 726 3388 suit
756 3324 871 3410 qui
920 3345 994 3388 se
1043 3323 1193 3410 agri
1241 3324 1537 3388 cultione
1570 3317 2048 3390 oblectabant?
2097 3403 2105 3412 ·
2141 3317 2307 3383 Mea
2349 3320 2496 3405 qui-

401 3423 560 3489 dem
608 3421 941 3488 sententia
974 3422 1163 3488 haud
1195 3423 1337 3488 scio
1373 3444 1461 3487 an
1495 3424 1685 3487 nulla
1731 3420 1997 3487 beatior
2043 3418 2256 3503 possit
2302 3439 2494 3483 esse:

400 3543 624 3609 neque
679 3522 900 3587 solum
946 3521 1198 3613 officiO,
1247 3523 1433 3609 quod
1480 3522 1834 3588 hominum
1892 3518 2131 3607 generi
2179 3516 2499 3583 universo

401 3623 666 3686 cultura
692 3642 1017 3708 agrorum
1043 3632 1146 3686 est
1170 3621 1512 3698 salutaris,
1542 3623 1662 3687 sed
1690 3633 1757 3686 et
1782 3617 2258 3691 delectatione,
2287 3637 2494 3703 quam

401 3720 571 3796 dixi,
601 3732 667 3785 et
699 3720 1042 3785 saturitate
1077 3721 1410 3807 copiaque
1445 3743 1671 3786 rerum
1697 3722 2001 3786 omnium
2024 3741 2202 3807 quae
2237 3718 2325 3783 ad
2356 3717 2495 3782 vic·-

398 3830 540 3885 tum
577 3819 957 3894 hominum,
996 3819 1080 3884 ad
1117 3821 1372 3884 cultum
1407 3821 1610 3885 etiam
1646 3822 1927 3886 deorum
1961 3821 2341 3905 pertinent3
2389 3828 2489 3894 ut,

398 3919 728 4006 quoniam
760 3919 935 3983 haec
966 3918 1243 4006 quidam
1279 3919 1695 3997 desiderant,
1732 3919 1800 3983 in
1836 3920 2129 4007 gratiam
2156 3920 2300 4008 jam
2337 3942 2493 3987 cum
