2817 4459
379 218 465 285 24
1195 195 1304 265 On
1347 195 1492 277 Old
1514 196 1699 285 Age.
2114 213 2293 284 [Cn.
2320 214 2476 283 MAJ.

377 394 722 481 quondam
771 414 931 459 cum
979 393 1277 460 adsensu
1323 393 1631 464 omnium
1681 393 1850 470 dixi,
1892 391 2272 459 ‘Miseram
2322 414 2474 460 esse

378 505 796 559 senectutem
848 514 1026 579 quae
1082 515 1155 559 se
1204 496 1510 560 oratione
1567 492 2012 558 defenderet!
2104 491 2266 559 Non
2320 494 2475 560 cani

377 614 505 657 nec
538 613 755 678 rugae
801 604 1080 677 repente
1128 594 1597 659 auctoritatem
1632 593 1945 679 adripere
1980 606 2304 679 possunt3
2355 594 2475 660 sed

378 694 661 757 honeste
711 702 863 755 acta
912 693 1224 776 superior
1270 705 1460 758 aetas
1523 693 1782 757 fructus
1830 692 2015 778 capit
2063 694 2475 760 auctoritatis

377 805 742 856 extremos.
837 808 932 856 63.
984 791 1180 857 Haec
1214 792 1395 856 enim
1445 792 1595 878 ipsa
1644 803 1801 858 sunt
1836 794 2264 860 honorabilia
2297 816 2474 881 quae

377 892 689 955 videntur
720 892 901 956 levia
933 903 1136 979 atque
1170 893 1589 969 communia,
1612 893 2029 970 —salutari,
2067 894 2322 980 adpeti,
2358 896 2476 960 de-

376 991 554 1066 cedi,
600 991 907 1079 adsurgi,
955 990 1229 1068 deduci,
1280 990 1543 1067 reduci,
1597 993 1904 1069 consuli3
1952 1015 2129 1081 quae
2177 1004 2243 1059 et
2289 995 2474 1079 apud

377 1112 500 1155 nos
528 1102 593 1155 et
624 1090 693 1155 in
721 1092 871 1156 aliis
897 1081 1305 1166 civitatibuS‚
1335 1101 1408 1155 ut
1439 1111 1754 1179 quaeque
1780 1093 2032 1179 optime
2057 1105 2320 1158 morata
2345 1104 2470 1167 est,

376 1191 468 1255 ita
501 1190 1023 1277 diligentissime
1068 1191 1541 1256 observantur.
1640 1191 2083 1279 Lysandrum
2117 1191 2475 1258 Lacedae-

377 1290 709 1365 monium,
769 1291 964 1378 cujus
1026 1291 1231 1356 modo
1291 1290 1428 1356 feci
1491 1293 1928 1368 mentionem,
1996 1293 2223 1357 dicere
2287 1292 2476 1357 aiunt

375 1390 647 1472 solitum
695 1389 1302 1456 Lacedaemonem
1366 1412 1520 1458 esse
1584 1392 2136 1458 honestissimum
2192 1391 2474 1457 domici-

377 1490 543 1555 lium
578 1490 986 1556 senectutis:
1021 1511 1364 1577 nusquam
1389 1491 1571 1558 enim
1606 1503 1867 1558 tantum
1900 1492 2213 1558 tribuitur
2244 1490 2471 1567 aetati,

376 1612 717 1677 nusquam
751 1603 852 1656 est
891 1602 1207 1656 senectus
1241 1592 1659 1658 honoratior.
1757 1590 1949 1677 Qin
1981 1592 2185 1657 etiam
2220 1614 2477 1656 memo-

375 1692 519 1755 riae
552 1691 894 1775 proditum
934 1702 1060 1766 est,
1097 1712 1266 1756 cum.
1288 1691 1584 1758 Athenis
1629 1692 1808 1757 ludis
1840 1692 2120 1779 quidam
2167 1691 2238 1756 in
2285 1693 2476 1756 thea-

375 1801 551 1855 trum
609 1791 894 1878 grandis
948 1802 1113 1855 natu
1166 1792 1490 1869 venisset,
1550 1813 1807 1879 magno
1862 1812 2189 1857 consessu
2245 1791 2474 1856 locum

375 1910 717 1976 nusquam
779 1890 842 1955 ei
906 1890 1139 1956 datum
1201 1912 1243 1957 a
1303 1891 1447 1957 suis
1503 1892 1808 1966 civibus3
1872 1911 2031 1956 cum
2093 1901 2321 1955 autem
2386 1890 2474 1955 ad

376 1988 972 2056 Lacedaemonios
1035 1990 1463 2067 accessisset,
1520 1991 1663 2077 qui,
1723 1989 1933 2078 legati
1997 2010 2156 2055 cum
2219 1999 2513 2065 essent,-

376 2102 562 2157 certo
625 2092 696 2156 in
758 2091 910 2158 loco
967 2092 1445 2166 consederant,
1505 2092 2015 2156 consurrexisse
2076 2110 2316 2155 omnes
2376 2088 2474 2152 illi

377 2192 721 2268 dicuntur,
756 2202 823 2257 et
853 2212 1089 2257 senem
1122 2211 1385 2256 sessum
1421 2194 1788 2274 recepisse.
1868 2206 1963 2254 64.
2011 2188 2285 2275 Qibus
2318 2209 2472 2253 cum

377 2313 419 2357 a
450 2304 697 2357 cuncto
731 2312 1057 2357 consessu
1105 2291 1389 2376 plausus
1435 2300 1616 2355 esset
1660 2290 2020 2376 multiplex
2067 2290 2291 2366 datuS,
2328 2288 2477 2354 dix-

374 2392 511 2457 isse
575 2413 665 2456 ex
725 2392 807 2458 iis
867 2391 1244 2479 quendam,
1305 2387 1753 2472 Axheniensis
1815 2390 1991 2456 scire
2053 2409 2230 2476 quae
2290 2400 2477 2453 recta

377 2502 628 2567 essent,
687 2492 811 2557 sed
873 2491 1103 2556 facere
1157 2489 1364 2556 nolle.
1485 2488 1713 2554 Multa
1764 2488 1835 2555 in
1891 2500 2121 2556 nostro
2178 2488 2473 2576 collegio

380 2591 764 2677 praeclara,
801 2591 923 2657 sed
959 2591 1092 2656 hoc
1124 2591 1211 2656 de
1245 2611 1382 2677 quo
1427 2589 1700 2678 agimus
1744 2589 1816 2654 in
1863 2590 2128 2674 primis,
2164 2588 2371 2675 quod,
2407 2599 2481 2652 ut

375 2690 664 2777 quisque
727 2700 946 2769 aetate
1010 2691 1378 2765 antecedit,
1437 2686 1531 2754 ita
1592 2690 1967 2755 sententiae
2022 2687 2477 2774 principatum

374 2800 600 2863 tenet3
665 2810 890 2877 neque
951 2791 1174 2856 solum
1239 2790 1501 2855 honore
1563 2787 2146 2864 antecedentibuS,
2212 2787 2335 2852 sed
2397 2786 2478 2851 iis

377 2889 582 2953 etiarn
633 2889 752 2976 qui
803 2910 961 2955 cum
1023 2887 1311 2974 imperio
1370 2899 1553 2964 sunt,
1604 2887 1901 2976 majores
1961 2897 2129 2952 natu
2177 2907 2474 2973 augures

377 2999 905 3075 anteponuntur.
1023 2988 1227 3074 Qae
1281 2999 1440 3064 sunt
1493 2988 1701 3076 igitur
1746 2988 2129 3073 voluptates
2177 2987 2480 3072 corporis

378 3109 537 3154 cum
594 3089 1007 3155 auctoritatis
1061 3089 1388 3175 praemiis
1452 3084 2009 3175 comparandae?
2063 3086 2310 3172 quibus
2363 3086 2480 3172 qui

377 3189 737 3273 splendide
789 3189 896 3255 usi
952 3200 1132 3265 sunt,
1188 3188 1236 3254 ii
1293 3188 1466 3254 mihi
1511 3189 1832 3254 videntur
1888 3185 2191 3250 fabulam
2243 3185 2478 3249 aetatis

376 3288 756 3374 peregisse,
792 3309 923 3354 nec
965 3299 1316 3375 tamquam
1362 3287 1793 3352 inexercitati
1847 3284 2208 3351 histriones
2256 3284 2325 3348 in
2361 3305 2480 3348 ex-

376 3398 593 3452 tremo
625 3399 782 3452 actu
814 3388 1184 3453 conruisse.

465 3504 558 3552 65.
607 3484 738 3551 ‘At
770 3497 925 3551 sunt
958 3486 1205 3552 morosi
1254 3496 1321 3552 et
1367 3484 1556 3551 anxii
1590 3495 1658 3551 et
1702 3484 2016 3551 iracundi
2060 3493 2128 3551 et
2169 3480 2479 3547 difficiles

380 3584 628 3651 senes.’
719 3584 797 3650 Si
845 3586 1262 3671 quaerimus,
1299 3586 1503 3651 etiam
1538 3585 1772 3649 avari:
1821 3585 1945 3651 sed
1991 3584 2169 3649 haec
2214 3602 2477 3646 morum

378 3685 542 3749 vitia
573 3695 756 3761 sunt,
791 3706 929 3750 non
961 3685 1351 3750 senectutis.
1447 3681 1561 3748 Ac
1603 3684 1958 3749 morositas
2005 3694 2237 3748 tamen
2286 3691 2351 3746 et
2397 3701 2481 3744 ea

380 3785 542 3849 vitia
575 3805 752 3870 quae
795 3784 940 3849 dixi
987 3784 1242 3850 habent
1284 3783 1543 3871 aliquid
1590 3783 2076 3858 excusationis,
2114 3803 2252 3849 non
2299 3780 2481 3846 illius

386 3883 660 3970 quidem
701 3883 952 3971 justae,
989 3884 1111 3950 sed
1142 3903 1320 3971 quae
1353 3881 1628 3971 probari
1673 3904 1877 3970 posse
1914 3881 2268 3948 videatur:
2318 3901 2481 3947 con-
