2817 4459
389 286 436 354 4
1189 264 1300 332 On
1343 263 1486 332 Old
1509 262 1693 352 Age.
2132 279 2309 352 [ΕΔΤ.
2336 280 2490 348 MAJ.

390 472 456 528 et
486 460 889 548 dignitatem
919 470 1109 527 tuam
1141 460 1671 527 tolerabiliorem
1703 468 2119 527 senectutem
2143 456 2388 555 videri,⁹
2415 456 2488 522 id

392 572 618 626 autem
644 581 783 625 non
808 581 1010 645 posse
1043 561 1274 626 multis
1305 560 1729 647 contingere.
1828 559 2061 625 CATO.
2160 557 2286 623 Est
2315 557 2489 622 istuc

389 661 693 749 quidem,
748 658 975 734 Laeli,
1032 660 1316 746 aliquid,
1371 659 1494 724 sed
1545 680 1981 747 nequaquam
2033 658 2106 723 in
2154 658 2283 723 isto
2334 666 2492 722 sunt

389 761 646 826 omnia.
742 758 841 825 Ut
885 758 1419 824 Themistocles
1444 758 1655 824 fertur
1709 756 2031 844 Seriphio
2087 757 2363 822 cuidam
2416 755 2488 819 in

400 858 631 947 jurgio
663 857 1121 944 respondisse,
1160 877 1318 921 cum
1350 857 1468 922 ille
1502 858 1787 922 dixisset
1817 879 1952 922 non
1988 878 2145 921 eum
2192 876 2318 921 sua
2365 856 2489 920 sed

388 959 648 1045 patriae
672 957 893 1046 gloria
918 957 1354 1042 splendorem
1380 957 1822 1021 adsecutum:
1857 961 1874 993 ‘
1892 954 2046 1021 Nec
2074 954 2428 1042 (hercule)
2445 954 2488 1028 ,’

389 1057 610 1145 inquit
646 1070 664 1099 ‘
691 1057 751 1123 si
798 1078 931 1144 ego
981 1055 1342 1141 Seriphius
1374 1075 1627 1130 essem,
1662 1075 1793 1121 nec
1822 1065 1924 1131 tu,
1957 1056 2014 1120 si
2045 1053 2490 1119 Atheniensis

292 1199 295 1200 ν
391 1156 511 1232 sis,
560 1157 788 1222 clarus
833 1176 1165 1242 umquam
1211 1154 1507 1220 fuisses.'
1601 1151 1811 1238 Qod
1858 1154 2100 1219 eodem
2150 1153 2355 1218 modo
2402 1153 2489 1217 de

391 1266 735 1321 senectute
763 1255 898 1320 dici
930 1265 1172 1341 potest.
1239 1252 1396 1319 Nec
1430 1252 1613 1318 enim
1646 1252 1716 1317 in
1750 1273 2019 1318 summa
2053 1252 2284 1336 inopia
2315 1251 2486 1316 levis

393 1376 543 1419 esse
577 1365 891 1420 senectus
923 1364 1165 1440 potest,
1200 1374 1289 1419 ne
1322 1352 1615 1439 sapienti
1648 1352 1953 1438 quidem,
1983 1372 2113 1416 nec
2143 1350 2489 1436 insipienti

392 1453 598 1518 etiam
645 1453 717 1518 in
766 1474 1034 1518 summa
1080 1453 1276 1538 copia
1309 1474 1449 1518 non
1481 1451 1737 1541 gravis.
1829 1466 1886 1513 9.
1932 1450 2312 1536 Aptissima
2343 1472 2492 1517 om-

396 1553 559 1618 nino
607 1565 788 1626 sunt,
824 1551 1059 1638 Scipio
1099 1563 1166 1617 et
1195 1548 1429 1628 Laeli,¹
1460 1572 1653 1617 arma
1686 1550 2051 1615 senectutis
2085 1561 2262 1614 artes
2295 1570 2490 1614 exer-

394 1653 883 1739 citationesque
933 1651 1278 1728 virtutum,
1332 1672 1510 1739 quae
1562 1651 1634 1717 in
1695 1650 1885 1738 omni
1949 1661 2169 1715 aetate
2232 1649 2485 1724 cultae,

393 1772 551 1817 cum
601 1752 720 1817 diu
770 1753 1193 1838 multumque
1246 1751 1529 1828 vixeris,
1576 1751 1897 1817 mirificos
1950 1748 2489 1815 ecferunt‘sruc·

391 1862 522 1927 tus,
575 1872 713 1916 non
759 1852 979 1916 solum
1029 1852 1189 1939 quia
1237 1872 1611 1939 numquam
1661 1852 2006 1926 deserunt,
2045 1869 2133 1913 ne
2181 1858 2489 1913 extremo

389 1951 666 2038 quidem
691 1961 996 2037 tempore
1024 1951 1288 2027 aetatis,
1308 1988 1400 1999 -—
1419 1972 1836 2038 quamquam
1864 1950 1933 2016 id
1958 1949 2237 2036 quidem
2269 1946 2492 2012 maxi-

391 2072 579 2114 mum
627 2061 1120 2125 est‚—verum
1173 2050 1377 2115 etiam
1426 2051 1586 2138 quia
1633 2050 2051 2116 conscientia
2081 2048 2259 2113 bene
2293 2058 2488 2113 actae

387 2150 566 2215 vitae
614 2150 1115 2238 multorumque
1172 2151 1351 2216 bene
1411 2150 1747 2215 factorum
1809 2148 2188 2216 recordatio
2241 2147 2490 2236 jucun-

392 2249 675 2314 dissima
722 2260 846 2315 est.
2103 2268 2110 2276 ·

480 2368 583 2413 ιν.
663 2365 751 2413 10.
820 2348 977 2437 Ego
1011 2345 1345 2433 Qintum
1380 2348 1769 2414 Maximum
1818 2347 2012 2437 [eum
2059 2348 2176 2436 qui
2222 2348 2491 2418 Taren-

388 2457 533 2513 tum
565 2449 856 2537 recepit]
897 2470 1134 2515 senem
1167 2450 1574 2514 adulescens
1607 2448 1700 2514 ita
1734 2448 1946 2514 dilexi
1976 2460 2052 2514 ut
2097 2429 2484 2542 aequalem.

389 2543 556 2611 Erat
602 2548 787 2613 enim
833 2548 906 2612 in
951 2548 1070 2614 illo
1102 2547 1249 2613 viro
1297 2548 1613 2614 comitate
1661 2549 1936 2614 condita
1984 2548 2314 2644 graxgit'a&
2355 2569 2488 2614 nec

389 2658 703 2712 senectus
767 2668 992 2712 mores
1055 2658 1476 2722 mutaverat3
1553 2669 1974 2735 quamquam
2037 2659 2196 2716 eum
2261 2649 2487 2714 colere

391 2746 586 2831 coepi
635 2768 773 2811 non
820 2746 1194 2812 admodum
1241 2747 1581 2833 grandem
1628 2760 1819 2824 natu,
1870 2748 1994 2813 sed
2055 2760 2285 2812 tamen
2340 2748 2488 2836 jam

391 2855 611 2910 aetate
667 2856 1088 2931 provectum.
1185 2844 1396 2911 Anno
1454 2846 1636 2911 enirn
1694 2858 1846 2932 post
1902 2847 2142 2912 consul
2190 2846 2487 2933 primum

352 2941 361 2952 '
390 2944 610 3010 fuerat
638 2966 847 3031 quam
881 2965 1014 3032 ego
1046 2955 1246 3010 natus
1279 2967 1459 3020 sum,
1496 2967 1791 3033 cumque
1835 2967 1917 3010 eo
1965 2957 2280 3033 quartum
2327 2967 2491 3011 con·

390 3043 537 3108 sule
571 3044 1126 3109 adulescentulus
1164 3043 1361 3109 miles
1412 3046 1501 3111 ad
1549 3045 1867 3131 Capuam
1917 3046 2259 3129 profectus
2295 3067 2485 3121 sum,

389 3142 758 3229 quintoque
792 3163 973 3208 anno
1005 3154 1159 3228 post
1203 3143 1295 3208 ad
1339 3143 1745 3209 Tarentum.
1848 3141 2195 3228 Qaestor
2241 3143 2491 3210 deinde

389 3241 836 3328 quadriennio
869 3253 1021 3328 post
1050 3241 1272 3309 factus
1305 3265 1485 3319 sum,
1523 3264 1730 3331 quem
1780 3244 2256 3330 magistratum
2303 3243 2489 3330 gessi

390 3342 782 3406 consulibus
812 3340 1162 3408 Tuditano
1195 3353 1262 3407 et
1300 3340 1641 3429 Cethego,
1682 3362 1839 3407 cum
1884 3342 2163 3428 quidem
2209 3342 2324 3406 ille
2372 3342 2494 3406 ad-

389 3441 668 3505 modum
703 3461 919 3505 senex
952 3462 1191 3507 suasor
1223 3441 1400 3529 legis
1431 3439 1718 3507 Cinciae
1755 3442 1840 3506 de
1875 3440 2071 3515 donis
2105 3451 2171 3505 et
2196 3440 2493 3505 muneri-

389 3538 517 3604 bus
572 3539 719 3604 suit.
821 3539 960 3606 Hic
1014 3552 1082 3606 et
1135 3540 1317 3605 bella
1373 3540 1659 3627 gerebat
1711 3551 1787 3606 ut
1840 3540 2274 3615 adulescenS,
2333 3560 2492 3605 cum

390 3639 596 3722 plane
628 3640 913 3726 grandis
959 3651 1164 3714 esset,
1201 3650 1269 3704 et
1316 3639 1785 3705 Hannibalem
1826 3640 2219 3728 juveniliter
2265 3640 2493 3703 exsul-

389 3748 645 3803 tantem
726 3738 1053 3824 patientia
1130 3759 1254 3803 sua
1319 3738 1711 3815 molliebat3
1791 3739 1879 3806 de
1940 3760 2075 3827 quo
2137 3738 2492 3825 praeclare

392 3837 752 3904 familiaris
798 3850 1026 3904 noster
1073 3837 1384 3904 Ennius:
2551 3847 2556 3852 ’
