2817 4459
476 227 614 268 XIX·
642 212 756 287 68.]
923 212 1066 279 The
1109 210 1322 280 Near
1364 209 1754 301 Approaclz
1802 212 1897 298 qs
1922 210 2186 277 Deatk.
2512 230 2550 277 2
2555 227 2594 298 5

481 409 701 476 temni
751 431 826 476 se
874 421 1137 496 putant,
1191 409 1478 496 despici,
1529 408 1788 483 inludi3
1845 418 2199 494 praeterea
2247 408 2320 473 in
2367 407 2598 497 fragili

486 532 774 596 corpore
806 511 1045 575 odiosa
1077 510 1301 574 omnis
1333 508 1621 574 offensio
1655 519 1780 573 est.
1865 507 2070 595 Qae
2101 520 2333 572 tamen
2366 509 2598 574 omnia

489 611 796 676 dulciora
830 611 1001 674 fiunt
1032 620 1098 674 et
1145 608 1449 674 moribus
1480 607 1678 673 bonis
1727 618 1793 673 et
1840 608 2136 681 artibus;
2186 608 2390 693 idque
2439 628 2597 673 cum

490 710 561 776 in
603 712 742 776 vita
782 721 922 775 tum
962 710 1033 774 in
1084 728 1337 774 scaena
1382 706 1690 795 intellegi
1740 717 1960 794 potest
1990 728 2080 771 ex
2120 707 2204 771 iis
2246 707 2592 785 fratribuS,

491 810 608 898 qui
663 811 732 874 in
788 808 1128 897 Adelphis
1186 817 1366 872 sunt.
1491 805 1772 890 Qanta
1826 807 1898 872 in
1953 806 2167 871 altero
2215 806 2475 884 diritaS,
2526 808 2597 873 in

491 912 704 975 altero
738 908 1061 975 comitas!
1157 908 1277 974 Sic
1310 928 1383 972 se
1419 927 1528 971 res
1562 908 1806 972 habet:
1855 918 1930 971 ut
1974 906 2157 971 enim
2204 927 2342 970 non
2390 928 2597 973 omne

489 1010 754 1085 vinum,
784 1009 883 1075 sic
914 1030 1052 1073 non
1084 1007 1307 1074 omnis
1343 1017 1532 1071 aetas
1567 1018 1832 1070 matura
1864 1015 2194 1070 vetustate
2227 1006 2588 1071 coacescit.

491 1109 939 1175 Severitatem
984 1108 1055 1172 in
1099 1118 1448 1174 senectute
1498 1106 1738 1192 probo,
1783 1106 1908 1170 sed
1957 1125 2111 1170 eam
2158 1105 2370 1192 (sicut
2413 1105 2588 1192 alia)

490 1209 875 1283 modicam3
942 1208 1381 1274 acerbitatem
1445 1206 1636 1270 nullo
1702 1206 1930 1270 modo.
2057 1203 2368 1270 Avaritia
2430 1228 2594 1273 vero

490 1309 724 1375 senilis
756 1308 920 1395 quid
953 1308 1079 1373 sibi
1118 1307 1282 1372 velit
1313 1328 1452 1372 non
1499 1305 1853 1393 intellegO.
1923 1304 2156 1370 Potest
2186 1305 2369 1370 enim
2402 1305 2595 1392 quic-

490 1430 696 1496 quam
745 1429 897 1473 esse
946 1407 1333 1483 absurdius,
1368 1427 1577 1494 quam
1609 1427 1746 1492 quo
1778 1405 1935 1471 viae
1983 1406 2212 1471 minus
2258 1417 2464 1472 restet
2509 1427 2592 1473 eo

489 1509 645 1594 plus
691 1507 921 1572 viatici
969 1505 1347 1594 quaerere?

576 1627 733 1673 xlx.
785 1623 880 1670 66.
957 1605 1223 1692 Qarta
1254 1616 1463 1672 restat
1494 1625 1733 1683 causa,
1769 1627 1949 1694 quae
1996 1605 2298 1672 maxime
2331 1627 2592 1696 angere

488 1718 690 1793 atque
738 1706 1097 1772 sollicitam
1146 1707 1400 1772 habere
1449 1718 1753 1771 nostram
1802 1717 2093 1772 aetatem
2139 1707 2433 1784 videtur,
2472 1708 2593 1773 ad-

486 1806 966 1894 propinquatio
998 1806 1256 1883 mortiS,
1293 1827 1473 1893 quae
1506 1818 1689 1872 certe
1732 1827 1775 1872 a
1822 1818 2167 1873 senectute
2200 1829 2338 1873 non
2373 1816 2592 1894 potest

486 1927 639 1972 esse
687 1907 918 1993 longe.
1017 1905 1082 1972 O
1117 1905 1439 1970 miserum
1488 1928 1752 1984 senem,
1790 1907 1906 1993 qui
1953 1919 2240 1973 mortem
2288 1919 2593 1973 contem-

486 2006 784 2071 nendam
833 2026 984 2071 esse
1030 2005 1101 2070 in
1147 2015 1288 2070 tam
1336 2005 1549 2093 longa
1608 2017 1828 2071 aetate
1876 2028 2013 2073 non
2058 2005 2345 2072 viderit!
2409 2028 2590 2094 quae

487 2117 604 2171 aut
651 2106 856 2191 plane
903 2106 1344 2193 neglegenda
1392 2115 1516 2182 est,
1566 2105 1624 2171 si
1679 2105 1961 2172 omnino
2022 2105 2396 2193 exstinguit
2445 2106 2590 2171 ani-

484 2227 700 2281 mum,
737 2215 854 2269 aut
884 2204 1089 2270 etiam
1121 2204 1449 2292 optanda,
1484 2205 1541 2271 si
1576 2205 1805 2292 aliquo
1837 2227 1994 2269 eum
2028 2205 2305 2270 deducit
2339 2206 2457 2272 ubi
2505 2206 2590 2272 sit

485 2305 749 2370 futurus
798 2314 1136 2369 aeternus.
1256 2304 1471 2392 Atqui
1530 2305 1803 2370 tertium
1849 2317 2031 2370 certe
2080 2305 2249 2370 nihil
2296 2305 2587 2371 inveniri

484 2415 727 2491 potest.
822 2422 914 2469 67.
979 2402 1169 2489 Qid
1200 2404 1411 2493 igitur
1441 2405 1746 2480 timeam,
1783 2405 1841 2470 si
1880 2416 1997 2469 aut
2029 2427 2164 2470 non
2199 2404 2406 2470 miser
2437 2417 2589 2491 post

484 2516 772 2570 mortem
821 2515 935 2570 aut
980 2503 1220 2569 beatus
1268 2505 1473 2570 etiam
1520 2505 1785 2569 futurus
1832 2503 2029 2569 sum?
2138 2502 2586 2591 Qamquam

482 2604 637 2690 quis
685 2614 787 2669 est
832 2616 970 2669 tam
1020 2604 1288 2680 stultus,
1338 2604 1655 2691 quamvis
1719 2603 1806 2669 sit
1859 2604 2292 2679 adulescenS,
2345 2604 2455 2669 cui
2505 2605 2588 2670 sit

485 2703 915 2789 exploratum
977 2724 1052 2769 se
1115 2703 1206 2769 ad
1266 2724 1635 2788 vesperum
1696 2724 1849 2768 esse
1911 2702 2292 2768 victurum?
2393 2701 2587 2788 Qin

486 2803 690 2868 etiam
726 2815 912 2870 aetas
943 2804 1062 2868 illa
1097 2804 1308 2869 multo
1342 2803 1556 2887 pluris
1604 2824 1811 2889 quam
1854 2814 2083 2868 nostra
2116 2824 2318 2867 casus
2352 2803 2585 2869 mortis

487 2903 733 2968 habet:
782 2902 1048 2968 facilius
1094 2902 1166 2967 in
1199 2903 1474 2968 morbos
1521 2902 1829 2967 incidunt
1860 2903 2375 2978 adulescentes3
2426 2923 2587 2989 gra-

484 3003 636 3068 vius
670 3014 1026 3089 aegrotant
1049 3025 1073 3078 ;·
1100 3002 1352 3068 tristius
1380 3013 1727 3067 curantur.
1795 3000 2036 3087 Itaque
2067 3003 2271 3088 pauci
2304 3003 2587 3067 veniunt

487 3101 577 3166 ad
608 3112 1050 3166 senectutem.
1149 3100 1359 3186 Qod
1392 3101 1464 3166 ni
1497 3101 1586 3167 ita
1621 3100 1985 3177 accideret,
2022 3101 2267 3166 melius
2315 3112 2381 3166 et
2426 3122 2585 3187 pru-

486 3200 754 3266 dentius
785 3200 1165 3266 viveretur:
1217 3222 1412 3266 mens
1447 3201 1630 3265 enim
1678 3213 1746 3268 et
1791 3201 1961 3266 ratio
1994 3211 2061 3266 et
2106 3200 2463 3266 consilium
2512 3202 2592 3272 in.

485 3299 763 3365 senibus
810 3311 936 3376 est,
973 3300 1090 3387 qui
1138 3301 1193 3365 si
1244 3301 1414 3365 nulli
1461 3301 1774 3376 fuissent,
1817 3302 2045 3366 nullae
2093 3302 2371 3367 omnino
2420 3302 2584 3367 civi-

484 3410 655 3465 tates
703 3398 1010 3464 fuissent.
1124 3398 1268 3466 Sed
1319 3388 1526 3466 redeo
1574 3400 1663 3465 ad
1710 3411 1997 3465 mortem
2043 3402 2577 3487 impendentem.

489 3497 698 3584 Qod
745 3509 848 3564 est
893 3499 1073 3565 istud
1121 3500 1380 3566 crimen
1430 3499 1820 3576 senectutis,
1865 3519 2023 3564 cum
2070 3498 2142 3564 id
2189 3500 2251 3563 ei
2297 3500 2583 3567 videatis

486 3620 642 3665 cum
677 3599 1143 3666 adulescentia
1177 3622 1327 3667 esse
1360 3598 1771 3666 commune?

572 3717 665 3765 68.
735 3699 940 3765 Sensi
989 3721 1121 3789 ego
1169 3699 1240 3765 in
1288 3700 1545 3785 optimo
1591 3701 1759 3776 filio,
1799 3710 1873 3765 tu
1919 3698 1989 3764 in
2037 3698 2447 3784 exspectatis
2494 3700 2586 3767 ad

491 3804 990 3890 amplissimam
1067 3805 1471 3895 dignitatem
1546 3806 1892 3883 fratribus,
1958 3805 2218 3893 Scipio,
2299 3818 2584 3873 mortem

486 3906 674 3970 omni
722 3907 921 3972 aetati
971 3928 1122 3973 esse
1170 3926 1631 3972 communem.
1734 3916 1751 3948 ‘
1780 3904 1877 3972 At
1922 3916 2149 3994 sperat
2180 3906 2583 3973 adulescens
