2817 4459
386 265 534 308 xxn.
561 253 675 327 79.]
940 256 1411 348 Immortalz’ty
1456 260 1554 348 qs
1577 259 1690 326 the
1735 258 1934 327 Soul.
2401 279 2486 351 29

389 453 663 520 animus
730 454 1045 522 caelestis
1113 476 1205 521 ex
1273 454 1604 525 altissimo
1672 458 2038 548 domiciliox
2087 457 2481 546 depressuS,

387 565 454 621 et
499 554 710 641 quasi·
750 555 1105 622 demersus
1150 554 1222 621 in
1267 566 1547 633 terram,
1598 558 1826 624 locum
1870 559 2144 625 divinae
2198 571 2484 625 naturae

388 654 902 741 aeternitatique
966 655 1404 721 contrarium.
1532 656 1679 725 Sed
1740 659 1947 726 credo
2001 660 2168 726 deos
2230 659 2486 725 inmor-

384 754 541 819 talis
573 755 903 839 sparsisse
929 757 1195 821 animos
1227 754 1298 820 in
1330 776 1620 843 corpora
1653 759 1983 835 humana,
2010 770 2084 824 ut
2115 770 2343 825 essent
2366 759 2483 847 qui

383 864 600 919 terras
646 864 1020 930 tuerentur,
1069 854 1323 941 quique
1370 856 1769 923 caelestium
1820 858 2132 925 ordinem
2181 870 2485 926 contem-

385 954 653 1039 plantes
697 953 1122 1018 imitarentur
1151 975 1310 1025 eum
1342 957 1524 1022 vitae
1571 958 1775 1023 modo
1822 968 2025 1045 atque
2072 960 2475 1025 constantia.

383 1053 540 1119 Nec
589 1074 698 1120 me
749 1053 972 1119 solum
1019 1053 1192 1120 ratio
1241 1074 1326 1121 ac
1374 1055 1741 1140 disputatio
1788 1057 2033 1143 inpulit
2075 1068 2153 1124 ut
2196 1055 2307 1124 ita'
2335 1080 2483 1125 cre-

382 1155 643 1230 derem,
679 1153 804 1219 sed
835 1152 1153 1219 nobilitas
1191 1153 1398 1219 etiam
1446 1176 1867 1220 summorum
1914 1153 2481 1243 philosophorum

378 1266 450 1321 et
509 1253 898 1321 auctoritas·
1014 1268 1107 1318 ⁷8.
1167 1251 1561 1320 Audiebam
1609 1253 2082 1343 Pythagoram
2129 1255 2481 1345 Pythago-

381 1376 697 1442 reosque,
725 1354 987 1420 incolas
1018 1374 1241 1440 paene
1271 1364 1564 1431 nostros,
1598 1354 1717 1441 qui
1749 1366 1978 1420 essent
2008 1354 2227 1421 Italici
2259 1357 2481 1442 philo·

383 1455 582 1541 sophi
628 1454 978 1541 quondam
1010 1451 1366 1527 nominati,
1402 1474 1778 1541 numquam
1810 1454 2159 1520 dubitasse
2192 1455 2357 1542 quin
2390 1477 2481 1522 ex

380 1555 703 1621 universa
757 1564 984 1620 mente
1039 1552 1273 1619 divina
1327 1552 1662 1620 delibatos
1720 1553 1985 1620 animos
2042 1555 2474 1623 haberemus.

383 1654 1046 1722 Demonstrabantur
1077 1652 1244 1718 mihi
1290 1662 1644 1738 praeterea
1676 1674 1853 1741 quae
1887 1652 2208 1720 Socrates
2242 1676 2480 1742 supre-

382 1778 498 1823 mo
542 1756 720 1822 vitae
763 1755 875 1822 die
916 1755 1004 1821 de
1049 1753 1530 1819 inmortalitate
1580 1753 1962 1819 animorum
2018 1753 2473 1834 disseruisset,

381 1856 442 1923 is
485 1856 603 1943 qui
650 1865 830 1923 esset
872 1853 1180 1921 omnium
1227 1851 1772 1939 sapientissimus
1802 1850 2148 1939 Apollinis
2194 1856 2478 1923 oraculo

376 1956 745 2046 judicatus·
814 1952 1006 2040 Qid
1038 1951 1294 2019 multa?
1371 1951 1493 2019 Sic
1524 1952 1693 2018 mihi
1725 1951 2063 2040 persuasi,
2098 1955 2200 2021 sic
2230 1955 2473 2034 sentio,

384 2078 542 2124 cum
602 2066 789 2122 tanta
856 2054 1168 2122 celeritas
1244 2051 1629 2119 animorum
1705 2053 1816 2130 sit,
1880 2063 2070 2120 tanta
2147 2056 2478 2123 memoria

381 2159 896 2245 praeteritorum
937 2156 1451 2242 futurorumque
1482 2154 1870 2242 prudentia,
1904 2166 2001 2224 tot
2046 2168 2250 2237 artes,
2293 2158 2479 2248 [tan-

380 2270 493 2325 tae
554 2255 943 2343 scientiae‚]
1001 2266 1098 2323 tot
1148 2255 1450 2332 inventa,
1499 2277 1638 2323 non
1693 2279 1895 2344 posse
1951 2280 2107 2326 eam
2162 2272 2476 2327 naturam

383 2378 561 2445 quae
606 2378 715 2423 res
763 2377 881 2423 eas
927 2355 1269 2448 contineat
1310 2376 1462 2422 esse
1510 2358 1908 2424 mortalem:
1958 2380 2253 2448 cumque
2298 2382 2478 2427 sem-

382 2478 508 2544 per
559 2456 853 2545 agitetur
905 2456 1202 2532 animus,
1255 2476 1388 2522 nec
1449 2456 1862 2544 principium
1911 2471 2133 2527 motus
2197 2461 2473 2537 habeat,

380 2557 543 2645 quia
585 2578 659 2623 se
705 2556 855 2641 ipse
896 2565 1190 2631 moveat,
1225 2576 1314 2622 ne
1346 2556 1555 2624 finem
1589 2559 1869 2645 quidem
1903 2559 2291 2626 habiturum
2325 2580 2476 2626 esse

381 2667 628 2732 motus,
679 2655 841 2743 quia
886 2676 1263 2742 numquam
1312 2677 1386 2723 se
1434 2657 1583 2744 ipse
1630 2658 1716 2724 sit
1760 2659 2157 2736 relicturus3
2206 2671 2274 2725 et
2318 2680 2479 2725 cum

381 2757 676 2843 simplex
707 2753 919 2820 animi
965 2764 1208 2820 natura
1257 2767 1460 2833 esset,
1496 2779 1720 2845 neque
1760 2759 2043 2825 haberet
2079 2759 2150 2824 in
2177 2761 2257 2825 'se
2289 2759 2480 2847 quic-

379 2879 588 2945 quam
623 2855 1006 2921 admixtum
1034 2854 1271 2940 dispar
1308 2856 1414 2922 sui
1463 2867 1664 2944 atque
1697 2857 2053 2935 dissimile,
2089 2880 2227 2924 non
2274 2879 2478 2944 posse

379 2979 540 3024 eum
587 2955 825 3032 dividi,
877 2955 1063 3043 quod
1115 2955 1174 3021 si
1229 2978 1367 3022 non
1424 2957 1661 3043 possit,
1713 2978 1851 3022 non
1906 2978 2109 3044 posse
2159 2957 2474 3024 interire:

381 3076 774 3145 magnoque
836 3076 989 3121 esse
1051 3066 1460 3144 argumento
1523 3055 1835 3123 homines
1911 3057 2086 3124 scire
2149 3058 2477 3145 pleraque

382 3168 539 3223 ante
585 3176 795 3243 quam
842 3155 984 3221 nati
1031 3154 1190 3232 sint,
1223 3156 1410 3243 quod
1450 3154 1597 3244 jam
1645 3156 1866 3242 pueri,
1902 3177 2061 3222 cum
2110 3157 2269 3223 artis
2302 3158 2480 3223 diffi-

382 3257 533 3325 cilis
578 3256 869 3332 discant,
906 3255 998 3322 ita
1046 3256 1355 3321 celeriter
1400 3277 1512 3322 res
1557 3255 2075 3322 innumerabilis
2109 3256 2473 3342 adripiant‚

379 3368 455 3422 ut
501 3378 619 3422 eas
665 3378 803 3422 non
849 3366 992 3421 tum
1045 3354 1341 3441 primum
1399 3354 1714 3441 accipere
1763 3355 2147 3433 videantur,
2202 3356 2325 3422 sed
2372 3378 2479 3423 re-

382 3455 653 3522 minisci
683 3466 753 3522 et
781 3455 1148 3522 recordari.
1248 3453 1448 3519 Haec
1478 3453 1783 3521 Platonis
1814 3455 1978 3522 fere.
2046 3519 2049 3522 ,

472 3576 658 3621 xxu.
706 3565 800 3616 ⁷⁹·
860 3552 1072 3641 Apud
1096 3552 1626 3638 Xenophontem
1662 3564 1891 3619 autem
1923 3554 2222 3621 moriens
2248 3553 2478 3642 Cyrus

383 3657 605 3745 major
650 3656 826 3740 haec
871 3654 1075 3720 dicit:
1128 3652 1406 3718 ‘Nolite
1455 3652 1793 3730 arbitrari,
1845 3652 1911 3719 Ο
1957 3652 2093 3719 mei
2141 3654 2478 3720 carissimi

383 3756 533 3832 filii,
570 3776 707 3830 me,
742 3775 900 3821 cum
944 3774 985 3819 a
1020 3751 1211 3818 vobis
1242 3751 1653 3826 discessero,
1687 3774 2028 3839 nusquam
2063 3763 2182 3819 aut
2211 3754 2477 3819 nullum

384 3858 550 3923 sore.
644 3854 799 3921 Nec
840 3853 1021 3921 enim
1057 3852 1220 3918 dum
1269 3871 1458 3916 eram
1489 3851 1843 3917 vobiscum
1893 3851 2198 3917 animum
2247 3874 2475 3919 meum

384 3954 746 4034 videbatiS,
796 3953 920 4022 sed
965 3972 1124 4020 eum
1166 3971 1319 4019 esse
1367 3949 1442 4016 in
1496 3951 1630 4019 hoc
1676 3971 1961 4039 corpore
2007 3972 2099 4019 ex
2142 3950 2226 4018 iis
2272 3953 2477 4019 rebus
