<?xml version="1.0" encoding="UTF-8"?>
<!DOCTYPE html PUBLIC "-//W3C//DTD XHTML 1.0 Transitional//EN"
    "http://www.w3.org/TR/xhtml1/DTD/xhtml1-transitional.dtd">
<html xmlns="http://www.w3.org/1999/xhtml" xml:lang="en" lang="en">
 <head>
  <title>
</title>
<meta http-equiv="Content-Type" content="text/html;charset=utf-8" />
  <meta name='ocr-system' content='tesseract 3.04.00' />
  <meta name='ocr-capabilities' content='ocr_page ocr_carea ocr_par ocr_line ocrx_word'/>
</head>
<body>
  <div class='ocr_page' id='page_1' title='image "./cicerodesenectu00unkngoog_0044.png"; bbox 0 0 2817 4459; ppageno 0'>
   <div class='ocr_carea' id='block_1_1' title="bbox 22 2005 59 2272">
    <p class='ocr_par' dir='ltr' id='par_1_1' title="bbox 22 2005 59 2272">
     <span class='ocr_line' id='line_1_1' title="bbox 22 2005 59 2272; textangle 90"><span class='ocrx_word' id='word_1_1' title='bbox 22 2191 59 2272; x_wconf 48' lang='lat'><strong>..3⁴</strong></span> <span class='ocrx_word' id='word_1_2' title='bbox 24 2109 37 2132; x_wconf 79' lang='lat'><strong>&#39;¹</strong></span> <span class='ocrx_word' id='word_1_3' title='bbox 26 2005 27 2008; x_wconf 44' lang='lat'><em>⁴</em></span> 
     </span>
    </p>
   </div>
   <div class='ocr_carea' id='block_1_2' title="bbox 337 206 2499 301">
    <p class='ocr_par' dir='ltr' id='par_1_2' title="bbox 337 206 2499 301">
     <span class='ocr_line' id='line_1_2' title="bbox 337 206 2499 301; baseline 0.012 -39"><span class='ocrx_word' id='word_1_4' title='bbox 337 257 341 262; x_wconf 83' lang='lat'><strong>.</strong></span> <span class='ocrx_word' id='word_1_5' title='bbox 401 206 489 275; x_wconf 87' lang='lat'><strong>26</strong></span> <span class='ocrx_word' id='word_1_6' title='bbox 1195 209 1302 276; x_wconf 85' lang='lat' dir='ltr'><strong>On</strong></span> <span class='ocrx_word' id='word_1_7' title='bbox 1346 207 1488 276; x_wconf 87' lang='lat' dir='ltr'><strong>Old</strong></span> <span class='ocrx_word' id='word_1_8' title='bbox 1512 209 1697 299; x_wconf 82' lang='lat' dir='ltr'><strong>Age.</strong></span> <span class='ocrx_word' id='word_1_9' title='bbox 2135 228 2315 301; x_wconf 63' lang='grc' dir='ltr'><strong>[ΕΔΤ.</strong></span> <span class='ocrx_word' id='word_1_10' title='bbox 2346 232 2499 301; x_wconf 76' lang='lat' dir='ltr'><strong>MAJ.</strong></span> 
     </span>
    </p>
   </div>
   <div class='ocr_carea' id='block_1_3' title="bbox 382 405 2500 3884">
    <p class='ocr_par' dir='ltr' id='par_1_3' title="bbox 382 405 2500 3884">
     <span class='ocr_line' id='line_1_3' title="bbox 396 405 2500 496; baseline 0 -23"><span class='ocrx_word' id='word_1_11' title='bbox 396 405 517 473; x_wconf 91' lang='lat' dir='ltr'><strong>diu</strong></span> <span class='ocrx_word' id='word_1_12' title='bbox 547 427 625 473; x_wconf 89' lang='lat' dir='ltr'><strong>se</strong></span> <span class='ocrx_word' id='word_1_13' title='bbox 655 405 1020 484; x_wconf 88' lang='lat' dir='ltr'><strong>victurum,</strong></span> <span class='ocrx_word' id='word_1_14' title='bbox 1055 407 1239 496; x_wconf 90' lang='lat' dir='ltr'><strong>quod</strong></span> <span class='ocrx_word' id='word_1_15' title='bbox 1271 429 1551 495; x_wconf 87' lang='lat' dir='ltr'><strong>sperare</strong></span> <span class='ocrx_word' id='word_1_16' title='bbox 1598 407 1780 474; x_wconf 90' lang='lat' dir='ltr'><strong>idem</strong></span> <span class='ocrx_word' id='word_1_17' title='bbox 1815 430 2030 475; x_wconf 85' lang='lat' dir='ltr'><strong>senex</strong></span> <span class='ocrx_word' id='word_1_18' title='bbox 2062 430 2200 475; x_wconf 89' lang='lat' dir='ltr'><strong>non</strong></span> <span class='ocrx_word' id='word_1_19' title='bbox 2233 410 2500 496; x_wconf 89' lang='lat' dir='ltr'><strong>potest.&#39;</strong></span> 
     </span>
     <span class='ocr_line' id='line_1_4' title="bbox 397 505 2499 596; baseline 0.001 -25"><span class='ocrx_word' id='word_1_20' title='bbox 397 505 804 593; x_wconf 89' lang='lat' dir='ltr'><strong>Insipienter</strong></span> <span class='ocrx_word' id='word_1_21' title='bbox 846 519 1097 594; x_wconf 85' lang='lat' dir='ltr'><strong>sperat.</strong></span> <span class='ocrx_word' id='word_1_22' title='bbox 1199 506 1391 593; x_wconf 80' lang='lat' dir='ltr'><strong>Qid</strong></span> <span class='ocrx_word' id='word_1_23' title='bbox 1440 508 1623 573; x_wconf 90' lang='lat' dir='ltr'><strong>enim</strong></span> <span class='ocrx_word' id='word_1_24' title='bbox 1672 509 1937 575; x_wconf 90' lang='lat' dir='ltr'><strong>stultius</strong></span> <span class='ocrx_word' id='word_1_25' title='bbox 1984 531 2192 596; x_wconf 89' lang='lat' dir='ltr'><strong>quam</strong></span> <span class='ocrx_word' id='word_1_26' title='bbox 2239 510 2499 574; x_wconf 85' lang='lat' dir='ltr'><strong>incerta</strong></span> 
     </span>
     <span class='ocr_line' id='line_1_5' title="bbox 394 606 2498 697; baseline 0.002 -26"><span class='ocrx_word' id='word_1_27' title='bbox 394 628 520 693; x_wconf 90' lang='lat' dir='ltr'><strong>pro</strong></span> <span class='ocrx_word' id='word_1_28' title='bbox 554 608 753 673; x_wconf 87' lang='lat' dir='ltr'><strong>certis</strong></span> <span class='ocrx_word' id='word_1_29' title='bbox 787 608 1067 684; x_wconf 89' lang='lat' dir='ltr'><strong>habere,</strong></span> <span class='ocrx_word' id='word_1_30' title='bbox 1103 608 1276 673; x_wconf 89' lang='lat' dir='ltr'><strong>falsa</strong></span> <span class='ocrx_word' id='word_1_31' title='bbox 1308 629 1434 695; x_wconf 92' lang='lat' dir='ltr'><strong>pro</strong></span> <span class='ocrx_word' id='word_1_32' title='bbox 1465 606 1689 673; x_wconf 86' lang='lat' dir='ltr'><strong>veris?</strong></span> <span class='ocrx_word' id='word_1_33' title='bbox 1778 620 1796 649; x_wconf 86' lang='lat'>‘</span> <span class='ocrx_word' id='word_1_34' title='bbox 1822 607 1916 674; x_wconf 91' lang='lat' dir='ltr'><strong>At</strong></span> <span class='ocrx_word' id='word_1_35' title='bbox 1947 631 2162 674; x_wconf 86' lang='lat' dir='ltr'><strong>senex</strong></span> <span class='ocrx_word' id='word_1_36' title='bbox 2195 631 2281 675; x_wconf 90' lang='lat' dir='ltr'><strong>ne</strong></span> <span class='ocrx_word' id='word_1_37' title='bbox 2315 610 2498 697; x_wconf 91' lang='lat' dir='ltr'><strong>quod</strong></span> 
     </span>
     <span class='ocr_line' id='line_1_6' title="bbox 394 705 2496 794; baseline 0.001 -22"><span class='ocrx_word' id='word_1_38' title='bbox 394 716 624 793; x_wconf 85' lang='lat' dir='ltr'><strong>speret</strong></span> <span class='ocrx_word' id='word_1_39' title='bbox 668 706 947 794; x_wconf 91' lang='lat' dir='ltr'><strong>quidem</strong></span> <span class='ocrx_word' id='word_1_40' title='bbox 994 707 1244 773; x_wconf 63' lang='lat' dir='ltr'><strong>habet?</strong></span> <span class='ocrx_word' id='word_1_41' title='bbox 1348 705 1447 773; x_wconf 86' lang='lat' dir='ltr'><strong>At</strong></span> <span class='ocrx_word' id='word_1_42' title='bbox 1490 719 1594 774; x_wconf 90' lang='lat' dir='ltr'><strong>est</strong></span> <span class='ocrx_word' id='word_1_43' title='bbox 1638 729 1720 774; x_wconf 93' lang='lat' dir='ltr'><strong>eo</strong></span> <span class='ocrx_word' id='word_1_44' title='bbox 1768 709 2047 774; x_wconf 89' lang='lat' dir='ltr'><strong>meliore</strong></span> <span class='ocrx_word' id='word_1_45' title='bbox 2096 709 2496 775; x_wconf 89' lang='lat' dir='ltr'><strong>condicione</strong></span> 
     </span>
     <span class='ocr_line' id='line_1_7' title="bbox 393 806 2497 894; baseline 0.001 -23"><span class='ocrx_word' id='word_1_46' title='bbox 393 827 602 894; x_wconf 88' lang='lat' dir='ltr'><strong>quam</strong></span> <span class='ocrx_word' id='word_1_47' title='bbox 653 807 1083 883; x_wconf 78' lang='lat' dir='ltr'><strong>adulescenS,</strong></span> <span class='ocrx_word' id='word_1_48' title='bbox 1127 828 1285 873; x_wconf 91' lang='lat' dir='ltr'><strong>curn</strong></span> <span class='ocrx_word' id='word_1_49' title='bbox 1325 806 1395 873; x_wconf 89' lang='lat' dir='ltr'><strong>id</strong></span> <span class='ocrx_word' id='word_1_50' title='bbox 1427 807 1614 894; x_wconf 89' lang='lat' dir='ltr'><strong>quod</strong></span> <span class='ocrx_word' id='word_1_51' title='bbox 1659 808 1775 873; x_wconf 89' lang='lat' dir='ltr'><strong>ille</strong></span> <span class='ocrx_word' id='word_1_52' title='bbox 1821 820 2051 894; x_wconf 86' lang='lat' dir='ltr'><strong>sperat</strong></span> <span class='ocrx_word' id='word_1_53' title='bbox 2096 808 2211 874; x_wconf 87' lang='lat' dir='ltr'><strong>hic</strong></span> <span class='ocrx_word' id='word_1_54' title='bbox 2257 830 2497 875; x_wconf 88' lang='lat' dir='ltr'><strong>conse-</strong></span> 
     </span>
     <span class='ocr_line' id='line_1_8' title="bbox 395 906 2495 983; baseline 0.001 -12"><span class='ocrx_word' id='word_1_55' title='bbox 395 916 592 972; x_wconf 90' lang='lat' dir='ltr'><strong>cutus</strong></span> <span class='ocrx_word' id='word_1_56' title='bbox 653 916 780 972; x_wconf 87' lang='lat' dir='ltr'><strong>est.</strong></span> <span class='ocrx_word' id='word_1_57' title='bbox 878 906 1003 972; x_wconf 91' lang='lat' dir='ltr'><strong>Ille</strong></span> <span class='ocrx_word' id='word_1_58' title='bbox 1049 906 1190 972; x_wconf 87' lang='lat' dir='ltr'><strong>volt</strong></span> <span class='ocrx_word' id='word_1_59' title='bbox 1251 906 1368 971; x_wconf 92' lang='lat' dir='ltr'><strong>diu</strong></span> <span class='ocrx_word' id='word_1_60' title='bbox 1430 906 1706 983; x_wconf 85' lang='lat' dir='ltr'><strong>vivere3</strong></span> <span class='ocrx_word' id='word_1_61' title='bbox 1768 907 1883 973; x_wconf 89' lang='lat' dir='ltr'><strong>hic</strong></span> <span class='ocrx_word' id='word_1_62' title='bbox 1942 907 2060 973; x_wconf 89' lang='lat' dir='ltr'><strong>diu</strong></span> <span class='ocrx_word' id='word_1_63' title='bbox 2112 907 2304 972; x_wconf 88' lang='lat' dir='ltr'><strong>vixit.</strong></span> <span class='ocrx_word' id='word_1_64' title='bbox 2399 926 2495 973; x_wconf 78' lang='grc'><strong>69.</strong></span> 
     </span>
     <span class='ocr_line' id='line_1_9' title="bbox 396 1003 2493 1093; baseline 0.002 -24"><span class='ocrx_word' id='word_1_65' title='bbox 396 1003 868 1093; x_wconf 80' lang='lat' dir='ltr'><strong>Qamquam‚</strong></span> <span class='ocrx_word' id='word_1_66' title='bbox 906 1005 972 1071; x_wconf 89' lang='lat' dir='ltr'>O</span> <span class='ocrx_word' id='word_1_67' title='bbox 1005 1005 1096 1070; x_wconf 89' lang='lat' dir='ltr'><strong>Di</strong></span> <span class='ocrx_word' id='word_1_68' title='bbox 1128 1005 1288 1071; x_wconf 90' lang='lat' dir='ltr'><strong>boni</strong></span> <span class='ocrx_word' id='word_1_69' title='bbox 1316 1004 1333 1070; x_wconf 82' lang='lat' dir='ltr'><strong>l</strong></span> <span class='ocrx_word' id='word_1_70' title='bbox 1382 1006 1546 1092; x_wconf 91' lang='lat' dir='ltr'><strong>quid</strong></span> <span class='ocrx_word' id='word_1_71' title='bbox 1580 1017 1683 1071; x_wconf 90' lang='lat' dir='ltr'><strong>est</strong></span> <span class='ocrx_word' id='word_1_72' title='bbox 1726 1005 1796 1070; x_wconf 89' lang='lat' dir='ltr'><strong>in</strong></span> <span class='ocrx_word' id='word_1_73' title='bbox 1832 1005 2128 1072; x_wconf 89' lang='lat' dir='ltr'><strong>hominis</strong></span> <span class='ocrx_word' id='word_1_74' title='bbox 2162 1007 2298 1073; x_wconf 88' lang='lat' dir='ltr'><strong>vita</strong></span> <span class='ocrx_word' id='word_1_75' title='bbox 2330 1007 2493 1074; x_wconf 86' lang='lat' dir='ltr'><strong>diu?</strong></span> 
     </span>
     <span class='ocr_line' id='line_1_10' title="bbox 394 1103 2495 1192; baseline 0.001 -22"><span class='ocrx_word' id='word_1_76' title='bbox 394 1103 507 1170; x_wconf 89' lang='lat' dir='ltr'><strong>Da</strong></span> <span class='ocrx_word' id='word_1_77' title='bbox 554 1105 737 1170; x_wconf 87' lang='lat' dir='ltr'><strong>enim</strong></span> <span class='ocrx_word' id='word_1_78' title='bbox 789 1126 1185 1190; x_wconf 89' lang='lat' dir='ltr'><strong>supremum</strong></span> <span class='ocrx_word' id='word_1_79' title='bbox 1249 1116 1561 1190; x_wconf 82' lang='lat' dir='ltr'><strong>tempus:</strong></span> <span class='ocrx_word' id='word_1_80' title='bbox 1627 1117 2105 1192; x_wconf 85' lang='lat' dir='ltr'><strong>exspectemus</strong></span> <span class='ocrx_word' id='word_1_81' title='bbox 2152 1106 2495 1173; x_wconf 89' lang='lat' dir='ltr'><strong>Tartessi-</strong></span> 
     </span>
     <span class='ocr_line' id='line_1_11' title="bbox 392 1203 2488 1292; baseline 0.002 -23"><span class='ocrx_word' id='word_1_82' title='bbox 392 1225 590 1269; x_wconf 86' lang='lat' dir='ltr'><strong>orum</strong></span> <span class='ocrx_word' id='word_1_83' title='bbox 636 1203 823 1292; x_wconf 89' lang='lat' dir='ltr'><strong>regis</strong></span> <span class='ocrx_word' id='word_1_84' title='bbox 870 1215 1188 1270; x_wconf 87' lang='lat' dir='ltr'><strong>aetatem.</strong></span> <span class='ocrx_word' id='word_1_85' title='bbox 1304 1204 1464 1269; x_wconf 87' lang='lat' dir='ltr'><strong>Fuit</strong></span> <span class='ocrx_word' id='word_1_86' title='bbox 1510 1204 1722 1281; x_wconf 89' lang='lat' dir='ltr'><strong>enim,</strong></span> <span class='ocrx_word' id='word_1_87' title='bbox 1772 1217 1845 1269; x_wconf 91' lang='lat' dir='ltr'><strong>ut</strong></span> <span class='ocrx_word' id='word_1_88' title='bbox 1891 1205 2214 1291; x_wconf 88' lang='lat' dir='ltr'><strong>scriptum</strong></span> <span class='ocrx_word' id='word_1_89' title='bbox 2261 1207 2488 1285; x_wconf 88' lang='lat' dir='ltr'><strong>vide0‚</strong></span> 
     </span>
     <span class='ocr_line' id='line_1_12' title="bbox 390 1302 2494 1394; baseline 0.001 -26"><span class='ocrx_word' id='word_1_90' title='bbox 390 1302 915 1393; x_wconf 84' lang='lat' dir='ltr'><strong>Arganthonius</strong></span> <span class='ocrx_word' id='word_1_91' title='bbox 971 1303 1250 1391; x_wconf 87' lang='lat' dir='ltr'><strong>quidam</strong></span> <span class='ocrx_word' id='word_1_92' title='bbox 1301 1303 1615 1369; x_wconf 86' lang='lat' dir='ltr'><strong>Gadibus</strong></span> <span class='ocrx_word' id='word_1_93' title='bbox 1661 1304 1779 1391; x_wconf 85' lang='lat' dir='ltr'><strong>qui</strong></span> <span class='ocrx_word' id='word_1_94' title='bbox 1840 1305 2186 1392; x_wconf 86' lang='lat' dir='ltr'><strong>octoginta</strong></span> <span class='ocrx_word' id='word_1_95' title='bbox 2242 1327 2494 1394; x_wconf 85' lang='lat' dir='ltr'><strong>regna-</strong></span> 
     </span>
     <span class='ocr_line' id='line_1_13' title="bbox 389 1402 2492 1491; baseline 0.001 -23"><span class='ocrx_word' id='word_1_96' title='bbox 389 1414 584 1469; x_wconf 85' lang='lat' dir='ltr'><strong>verat</strong></span> <span class='ocrx_word' id='word_1_97' title='bbox 644 1424 888 1480; x_wconf 82' lang='lat' dir='ltr'><strong>annOS,</strong></span> <span class='ocrx_word' id='word_1_98' title='bbox 940 1415 1212 1470; x_wconf 91' lang='lat' dir='ltr'><strong>centum</strong></span> <span class='ocrx_word' id='word_1_99' title='bbox 1276 1402 1519 1491; x_wconf 89' lang='lat' dir='ltr'><strong>viginti</strong></span> <span class='ocrx_word' id='word_1_100' title='bbox 1573 1403 1858 1469; x_wconf 90' lang='lat' dir='ltr'><strong>vixerat.</strong></span> <span class='ocrx_word' id='word_1_101' title='bbox 1968 1403 2112 1469; x_wconf 89' lang='lat' dir='ltr'><strong>Sed</strong></span> <span class='ocrx_word' id='word_1_102' title='bbox 2174 1405 2340 1469; x_wconf 88' lang='lat' dir='ltr'><strong>mihi</strong></span> <span class='ocrx_word' id='word_1_103' title='bbox 2405 1428 2492 1472; x_wconf 92' lang='lat' dir='ltr'><strong>ne</strong></span> 
     </span>
     <span class='ocr_line' id='line_1_14' title="bbox 391 1501 2492 1592; baseline 0 -22"><span class='ocrx_word' id='word_1_104' title='bbox 391 1504 786 1570; x_wconf 89' lang='lat' dir='ltr'><strong>diuturnum</strong></span> <span class='ocrx_word' id='word_1_105' title='bbox 818 1503 1096 1590; x_wconf 87' lang='lat' dir='ltr'><strong>quidem</strong></span> <span class='ocrx_word' id='word_1_106' title='bbox 1129 1501 1499 1590; x_wconf 89' lang='lat' dir='ltr'><strong>quicquam</strong></span> <span class='ocrx_word' id='word_1_107' title='bbox 1532 1503 1799 1567; x_wconf 89' lang='lat' dir='ltr'><strong>videtur</strong></span> <span class='ocrx_word' id='word_1_108' title='bbox 1828 1502 1899 1567; x_wconf 89' lang='lat' dir='ltr'><strong>in</strong></span> <span class='ocrx_word' id='word_1_109' title='bbox 1930 1524 2067 1590; x_wconf 92' lang='lat' dir='ltr'><strong>quo</strong></span> <span class='ocrx_word' id='word_1_110' title='bbox 2101 1514 2202 1569; x_wconf 91' lang='lat' dir='ltr'><strong>est</strong></span> <span class='ocrx_word' id='word_1_111' title='bbox 2233 1504 2492 1592; x_wconf 85' lang='lat' dir='ltr'><strong>aliquid</strong></span> 
     </span>
     <span class='ocr_line' id='line_1_15' title="bbox 391 1592 2492 1690; baseline 0.001 -21"><span class='ocrx_word' id='word_1_112' title='bbox 391 1615 817 1669; x_wconf 83' lang='lat' dir='ltr'><strong>extremum:</strong></span> <span class='ocrx_word' id='word_1_113' title='bbox 895 1592 1071 1668; x_wconf 43' lang='lat' dir='ltr'><strong>cum&#39;</strong></span> <span class='ocrx_word' id='word_1_114' title='bbox 1117 1603 1299 1668; x_wconf 89' lang='lat' dir='ltr'><strong>enim</strong></span> <span class='ocrx_word' id='word_1_115' title='bbox 1376 1602 1449 1667; x_wconf 89' lang='lat' dir='ltr'><strong>id</strong></span> <span class='ocrx_word' id='word_1_116' title='bbox 1514 1602 1809 1678; x_wconf 85' lang='lat' dir='ltr'><strong>advenit,</strong></span> <span class='ocrx_word' id='word_1_117' title='bbox 1871 1613 2013 1667; x_wconf 89' lang='lat' dir='ltr'><strong>tum</strong></span> <span class='ocrx_word' id='word_1_118' title='bbox 2079 1601 2245 1668; x_wconf 86' lang='lat' dir='ltr'><strong>illud</strong></span> <span class='ocrx_word' id='word_1_119' title='bbox 2307 1606 2492 1690; x_wconf 92' lang='lat' dir='ltr'><strong>quod</strong></span> 
     </span>
     <span class='ocr_line' id='line_1_16' title="bbox 389 1701 2494 1789; baseline 0.001 -22"><span class='ocrx_word' id='word_1_120' title='bbox 389 1703 737 1789; x_wconf 89' lang='lat' dir='ltr'><strong>praeteriit</strong></span> <span class='ocrx_word' id='word_1_121' title='bbox 806 1701 1108 1777; x_wconf 85' lang='lat' dir='ltr'><strong>effluxit3</strong></span> <span class='ocrx_word' id='word_1_122' title='bbox 1186 1712 1451 1766; x_wconf 86' lang='lat' dir='ltr'><strong>tantum</strong></span> <span class='ocrx_word' id='word_1_123' title='bbox 1507 1713 1815 1767; x_wconf 85' lang='lat' dir='ltr'><strong>remanet</strong></span> <span class='ocrx_word' id='word_1_124' title='bbox 1873 1702 2058 1789; x_wconf 91' lang='lat' dir='ltr'><strong>quod</strong></span> <span class='ocrx_word' id='word_1_125' title='bbox 2119 1701 2363 1769; x_wconf 89' lang='lat' dir='ltr'><strong>virtute</strong></span> <span class='ocrx_word' id='word_1_126' title='bbox 2426 1716 2494 1770; x_wconf 90' lang='lat' dir='ltr'><strong>et</strong></span> 
     </span>
     <span class='ocr_line' id='line_1_17' title="bbox 388 1800 2494 1887; baseline 0 -18"><span class='ocrx_word' id='word_1_127' title='bbox 388 1815 572 1870; x_wconf 90' lang='lat' dir='ltr'><strong>recte</strong></span> <span class='ocrx_word' id='word_1_128' title='bbox 612 1802 810 1868; x_wconf 86' lang='lat' dir='ltr'><strong>sactis</strong></span> <span class='ocrx_word' id='word_1_129' title='bbox 856 1812 1262 1868; x_wconf 89' lang='lat' dir='ltr'><strong>consecutus</strong></span> <span class='ocrx_word' id='word_1_130' title='bbox 1312 1801 1429 1866; x_wconf 88' lang='lat' dir='ltr'><strong>sis.</strong></span> <span class='ocrx_word' id='word_1_131' title='bbox 1531 1800 1765 1866; x_wconf 89' lang='lat' dir='ltr'><strong>Horae</strong></span> <span class='ocrx_word' id='word_1_132' title='bbox 1814 1801 2088 1887; x_wconf 90' lang='lat' dir='ltr'><strong>quidem</strong></span> <span class='ocrx_word' id='word_1_133' title='bbox 2128 1803 2380 1868; x_wconf 91' lang='lat' dir='ltr'><strong>cedunt</strong></span> <span class='ocrx_word' id='word_1_134' title='bbox 2427 1816 2494 1870; x_wconf 90' lang='lat' dir='ltr'><strong>et</strong></span> 
     </span>
     <span class='ocr_line' id='line_1_18' title="bbox 388 1900 2491 1991; baseline 0 -21"><span class='ocrx_word' id='word_1_135' title='bbox 388 1904 536 1971; x_wconf 89' lang='lat' dir='ltr'><strong>dies</strong></span> <span class='ocrx_word' id='word_1_136' title='bbox 561 1915 627 1969; x_wconf 90' lang='lat' dir='ltr'><strong>et</strong></span> <span class='ocrx_word' id='word_1_137' title='bbox 651 1924 923 1969; x_wconf 91' lang='lat' dir='ltr'><strong>menses</strong></span> <span class='ocrx_word' id='word_1_138' title='bbox 949 1914 1014 1968; x_wconf 89' lang='lat' dir='ltr'><strong>et</strong></span> <span class='ocrx_word' id='word_1_139' title='bbox 1038 1901 1225 1976; x_wconf 90' lang='lat' dir='ltr'><strong>anni,</strong></span> <span class='ocrx_word' id='word_1_140' title='bbox 1255 1921 1385 1966; x_wconf 90' lang='lat' dir='ltr'><strong>nec</strong></span> <span class='ocrx_word' id='word_1_141' title='bbox 1405 1900 1842 1986; x_wconf 89' lang='lat' dir='ltr'><strong>praeteritum</strong></span> <span class='ocrx_word' id='word_1_142' title='bbox 1871 1914 2136 1987; x_wconf 85' lang='lat' dir='ltr'><strong>tempus</strong></span> <span class='ocrx_word' id='word_1_143' title='bbox 2161 1924 2491 1991; x_wconf 85' lang='lat' dir='ltr'><strong>umquam</strong></span> 
     </span>
     <span class='ocr_line' id='line_1_19' title="bbox 386 2000 2493 2089; baseline -0 -19"><span class='ocrx_word' id='word_1_144' title='bbox 386 2003 768 2079; x_wconf 90' lang='lat' dir='ltr'><strong>revertitur,</strong></span> <span class='ocrx_word' id='word_1_145' title='bbox 806 2022 936 2068; x_wconf 89' lang='lat' dir='ltr'><strong>nec</strong></span> <span class='ocrx_word' id='word_1_146' title='bbox 977 2001 1143 2089; x_wconf 90' lang='lat' dir='ltr'><strong>quid</strong></span> <span class='ocrx_word' id='word_1_147' title='bbox 1191 2012 1515 2089; x_wconf 89' lang='lat' dir='ltr'><strong>sequatur</strong></span> <span class='ocrx_word' id='word_1_148' title='bbox 1560 2000 1717 2066; x_wconf 89' lang='lat' dir='ltr'><strong>sciri</strong></span> <span class='ocrx_word' id='word_1_149' title='bbox 1764 2012 2005 2087; x_wconf 90' lang='lat' dir='ltr'><strong>potest.</strong></span> <span class='ocrx_word' id='word_1_150' title='bbox 2103 2000 2310 2086; x_wconf 76' lang='lat' dir='ltr'><strong>Qod</strong></span> <span class='ocrx_word' id='word_1_151' title='bbox 2351 2004 2493 2069; x_wconf 91' lang='lat' dir='ltr'><strong>cui-</strong></span> 
     </span>
     <span class='ocr_line' id='line_1_20' title="bbox 384 2100 2492 2191; baseline -0 -22"><span class='ocrx_word' id='word_1_152' title='bbox 384 2125 521 2191; x_wconf 90' lang='lat' dir='ltr'><strong>que</strong></span> <span class='ocrx_word' id='word_1_153' title='bbox 565 2102 890 2190; x_wconf 87' lang='lat' dir='ltr'><strong>temporis</strong></span> <span class='ocrx_word' id='word_1_154' title='bbox 936 2102 1026 2167; x_wconf 89' lang='lat' dir='ltr'><strong>ad</strong></span> <span class='ocrx_word' id='word_1_155' title='bbox 1071 2100 1444 2168; x_wconf 89' lang='lat' dir='ltr'><strong>vivendum</strong></span> <span class='ocrx_word' id='word_1_156' title='bbox 1490 2100 1714 2176; x_wconf 90' lang='lat' dir='ltr'><strong>datur,</strong></span> <span class='ocrx_word' id='word_1_157' title='bbox 1755 2122 1838 2166; x_wconf 91' lang='lat' dir='ltr'><strong>eo</strong></span> <span class='ocrx_word' id='word_1_158' title='bbox 1885 2102 2088 2167; x_wconf 88' lang='lat' dir='ltr'><strong>debet</strong></span> <span class='ocrx_word' id='word_1_159' title='bbox 2132 2123 2281 2168; x_wconf 90' lang='lat' dir='ltr'><strong>esse</strong></span> <span class='ocrx_word' id='word_1_160' title='bbox 2329 2124 2492 2168; x_wconf 89' lang='lat' dir='ltr'><strong>con-</strong></span> 
     </span>
     <span class='ocr_line' id='line_1_21' title="bbox 384 2200 2491 2291; baseline -0.002 -21"><span class='ocrx_word' id='word_1_161' title='bbox 384 2215 634 2270; x_wconf 89' lang='lat' dir='ltr'><strong>tentus.</strong></span> <span class='ocrx_word' id='word_1_162' title='bbox 728 2221 825 2270; x_wconf 69' lang='grc' dir='ltr'><strong>το.</strong></span> <span class='ocrx_word' id='word_1_163' title='bbox 900 2202 1150 2291; x_wconf 89' lang='lat' dir='ltr'><strong>Neque</strong></span> <span class='ocrx_word' id='word_1_164' title='bbox 1199 2203 1382 2266; x_wconf 90' lang='lat' dir='ltr'><strong>enim</strong></span> <span class='ocrx_word' id='word_1_165' title='bbox 1434 2200 1768 2276; x_wconf 85' lang='lat' dir='ltr'><strong>histrioni,</strong></span> <span class='ocrx_word' id='word_1_166' title='bbox 1822 2212 1892 2266; x_wconf 91' lang='lat' dir='ltr'><strong>ut</strong></span> <span class='ocrx_word' id='word_1_167' title='bbox 1946 2203 2243 2287; x_wconf 89' lang='lat' dir='ltr'><strong>placeat,</strong></span> <span class='ocrx_word' id='word_1_168' title='bbox 2293 2224 2491 2289; x_wconf 90' lang='lat' dir='ltr'><strong>pera-</strong></span> 
     </span>
     <span class='ocr_line' id='line_1_22' title="bbox 386 2300 2489 2392; baseline -0 -23"><span class='ocrx_word' id='word_1_169' title='bbox 386 2305 620 2392; x_wconf 86' lang='lat' dir='ltr'><strong>genda</strong></span> <span class='ocrx_word' id='word_1_170' title='bbox 680 2302 915 2369; x_wconf 88' lang='lat' dir='ltr'><strong>sabula</strong></span> <span class='ocrx_word' id='word_1_171' title='bbox 971 2314 1115 2378; x_wconf 89' lang='lat' dir='ltr'><strong>est;</strong></span> <span class='ocrx_word' id='word_1_172' title='bbox 1179 2301 1386 2367; x_wconf 88' lang='lat' dir='ltr'><strong>modo</strong></span> <span class='ocrx_word' id='word_1_173' title='bbox 1449 2300 1521 2365; x_wconf 91' lang='lat' dir='ltr'><strong>in</strong></span> <span class='ocrx_word' id='word_1_174' title='bbox 1575 2322 2008 2388; x_wconf 89' lang='lat' dir='ltr'><strong>quocumque</strong></span> <span class='ocrx_word' id='word_1_175' title='bbox 2070 2301 2271 2368; x_wconf 88' lang='lat' dir='ltr'><strong>fuerit</strong></span> <span class='ocrx_word' id='word_1_176' title='bbox 2334 2317 2489 2368; x_wconf 88' lang='lat' dir='ltr'><strong>actu</strong></span> 
     </span>
     <span class='ocr_line' id='line_1_23' title="bbox 384 2400 2487 2491; baseline -0 -21"><span class='ocrx_word' id='word_1_177' title='bbox 384 2404 749 2491; x_wconf 90' lang='lat' dir='ltr'><strong>probetur;</strong></span> <span class='ocrx_word' id='word_1_178' title='bbox 784 2424 1009 2491; x_wconf 90' lang='lat' dir='ltr'><strong>neque</strong></span> <span class='ocrx_word' id='word_1_179' title='bbox 1040 2401 1332 2489; x_wconf 87' lang='lat' dir='ltr'><strong>sapienti</strong></span> <span class='ocrx_word' id='word_1_180' title='bbox 1363 2422 1580 2488; x_wconf 87' lang='lat' dir='ltr'><strong>usque</strong></span> <span class='ocrx_word' id='word_1_181' title='bbox 1610 2402 1697 2467; x_wconf 89' lang='lat' dir='ltr'><strong>ad</strong></span> <span class='ocrx_word' id='word_1_182' title='bbox 1721 2400 2052 2466; x_wconf 78' lang='lat' dir='ltr'><strong>Plaudite</strong></span> <span class='ocrx_word' id='word_1_183' title='bbox 2074 2402 2487 2469; x_wconf 88' lang='lat' dir='ltr'><strong>veniendum</strong></span> 
     </span>
     <span class='ocr_line' id='line_1_24' title="bbox 386 2501 2490 2589; baseline 0 -20"><span class='ocrx_word' id='word_1_184' title='bbox 386 2514 513 2569; x_wconf 88' lang='lat' dir='ltr'><strong>est.</strong></span> <span class='ocrx_word' id='word_1_185' title='bbox 610 2502 834 2569; x_wconf 87' lang='lat' dir='ltr'><strong>Breve</strong></span> <span class='ocrx_word' id='word_1_186' title='bbox 878 2502 1062 2568; x_wconf 91' lang='lat' dir='ltr'><strong>enim</strong></span> <span class='ocrx_word' id='word_1_187' title='bbox 1111 2512 1379 2587; x_wconf 89' lang='lat' dir='ltr'><strong>tempus</strong></span> <span class='ocrx_word' id='word_1_188' title='bbox 1429 2501 1668 2567; x_wconf 88' lang='lat' dir='ltr'><strong>aetatis</strong></span> <span class='ocrx_word' id='word_1_189' title='bbox 1715 2502 1877 2567; x_wconf 89' lang='lat' dir='ltr'><strong>satis</strong></span> <span class='ocrx_word' id='word_1_190' title='bbox 1923 2502 2209 2589; x_wconf 88' lang='lat' dir='ltr'><strong>longum</strong></span> <span class='ocrx_word' id='word_1_191' title='bbox 2252 2514 2352 2568; x_wconf 90' lang='lat' dir='ltr'><strong>est</strong></span> <span class='ocrx_word' id='word_1_192' title='bbox 2400 2502 2490 2569; x_wconf 89' lang='lat' dir='ltr'><strong>ad</strong></span> 
     </span>
     <span class='ocr_line' id='line_1_25' title="bbox 384 2600 2485 2690; baseline -0 -22"><span class='ocrx_word' id='word_1_193' title='bbox 384 2603 562 2669; x_wconf 88' lang='lat' dir='ltr'><strong>bene</strong></span> <span class='ocrx_word' id='word_1_194' title='bbox 600 2603 1019 2690; x_wconf 90' lang='lat' dir='ltr'><strong>honesteque</strong></span> <span class='ocrx_word' id='word_1_195' title='bbox 1065 2601 1462 2667; x_wconf 90' lang='lat' dir='ltr'><strong>vivendum.</strong></span> <span class='ocrx_word' id='word_1_196' title='bbox 1561 2600 1688 2667; x_wconf 90' lang='lat' dir='ltr'><strong>Sin</strong></span> <span class='ocrx_word' id='word_1_197' title='bbox 1734 2601 2139 2687; x_wconf 89' lang='lat' dir='ltr'><strong>processerit</strong></span> <span class='ocrx_word' id='word_1_198' title='bbox 2182 2601 2485 2690; x_wconf 78' lang='lat' dir='ltr'><strong>longiuS‚</strong></span> 
     </span>
     <span class='ocr_line' id='line_1_26' title="bbox 386 2701 2488 2790; baseline -0.001 -22"><span class='ocrx_word' id='word_1_199' title='bbox 386 2725 526 2769; x_wconf 93' lang='lat' dir='ltr'><strong>non</strong></span> <span class='ocrx_word' id='word_1_200' title='bbox 560 2704 784 2790; x_wconf 87' lang='lat' dir='ltr'><strong>magis</strong></span> <span class='ocrx_word' id='word_1_201' title='bbox 817 2702 1188 2768; x_wconf 88' lang='lat' dir='ltr'><strong>dolendum</strong></span> <span class='ocrx_word' id='word_1_202' title='bbox 1238 2713 1341 2766; x_wconf 90' lang='lat' dir='ltr'><strong>est</strong></span> <span class='ocrx_word' id='word_1_203' title='bbox 1371 2722 1580 2789; x_wconf 89' lang='lat' dir='ltr'><strong>quarn</strong></span> <span class='ocrx_word' id='word_1_204' title='bbox 1616 2702 1963 2789; x_wconf 87' lang='lat' dir='ltr'><strong>agricolae</strong></span> <span class='ocrx_word' id='word_1_205' title='bbox 1997 2701 2253 2776; x_wconf 87' lang='lat' dir='ltr'><strong>dolent,</strong></span> <span class='ocrx_word' id='word_1_206' title='bbox 2291 2723 2488 2787; x_wconf 88' lang='lat' dir='ltr'><strong>prae-</strong></span> 
     </span>
     <span class='ocr_line' id='line_1_27' title="bbox 384 2801 2488 2889; baseline -0 -20"><span class='ocrx_word' id='word_1_207' title='bbox 384 2803 581 2869; x_wconf 87' lang='lat' dir='ltr'><strong>terita</strong></span> <span class='ocrx_word' id='word_1_208' title='bbox 612 2801 805 2868; x_wconf 89' lang='lat' dir='ltr'><strong>verni</strong></span> <span class='ocrx_word' id='word_1_209' title='bbox 854 2805 1180 2888; x_wconf 85' lang='lat' dir='ltr'><strong>temporis</strong></span> <span class='ocrx_word' id='word_1_210' title='bbox 1223 2801 1556 2866; x_wconf 86' lang='lat' dir='ltr'><strong>suavitate</strong></span> <span class='ocrx_word' id='word_1_211' title='bbox 1591 2812 1915 2865; x_wconf 85' lang='lat' dir='ltr'><strong>aestatem</strong></span> <span class='ocrx_word' id='word_1_212' title='bbox 1949 2812 2488 2889; x_wconf 88' lang='lat' dir='ltr'><strong>autumnumque</strong></span> 
     </span>
     <span class='ocr_line' id='line_1_28' title="bbox 383 2899 2481 2988; baseline -0.002 -19"><span class='ocrx_word' id='word_1_213' title='bbox 383 2903 681 2969; x_wconf 87' lang='lat' dir='ltr'><strong>venisse.</strong></span> <span class='ocrx_word' id='word_1_214' title='bbox 762 2901 909 2967; x_wconf 90' lang='lat' dir='ltr'><strong>Ver</strong></span> <span class='ocrx_word' id='word_1_215' title='bbox 941 2901 1124 2967; x_wconf 90' lang='lat' dir='ltr'><strong>enim</strong></span> <span class='ocrx_word' id='word_1_216' title='bbox 1157 2913 1511 2988; x_wconf 88' lang='lat' dir='ltr'><strong>tamquam</strong></span> <span class='ocrx_word' id='word_1_217' title='bbox 1546 2899 2080 2965; x_wconf 88' lang='lat' dir='ltr'><strong>adulescentiam</strong></span> <span class='ocrx_word' id='word_1_218' title='bbox 2115 2901 2481 2988; x_wconf 87' lang='lat' dir='ltr'><strong>significat,</strong></span> 
     </span>
     <span class='ocr_line' id='line_1_29' title="bbox 385 2999 2489 3091; baseline -0.002 -22"><span class='ocrx_word' id='word_1_219' title='bbox 385 3004 813 3091; x_wconf 87' lang='lat' dir='ltr'><strong>ostenditque</strong></span> <span class='ocrx_word' id='word_1_220' title='bbox 846 3002 1103 3067; x_wconf 88' lang='lat' dir='ltr'><strong>fructus</strong></span> <span class='ocrx_word' id='word_1_221' title='bbox 1135 3000 1438 3065; x_wconf 87' lang='lat' dir='ltr'><strong>futuros:</strong></span> <span class='ocrx_word' id='word_1_222' title='bbox 1484 2999 1745 3086; x_wconf 88' lang='lat' dir='ltr'><strong>reliqua</strong></span> <span class='ocrx_word' id='word_1_223' title='bbox 1779 3011 2004 3064; x_wconf 90' lang='lat' dir='ltr'><strong>autem</strong></span> <span class='ocrx_word' id='word_1_224' title='bbox 2038 3010 2344 3085; x_wconf 91' lang='lat' dir='ltr'><strong>tempora</strong></span> <span class='ocrx_word' id='word_1_225' title='bbox 2370 3002 2489 3066; x_wconf 91' lang='lat' dir='ltr'><strong>de-</strong></span> 
     </span>
     <span class='ocr_line' id='line_1_30' title="bbox 385 3098 2480 3186; baseline -0.002 -18"><span class='ocrx_word' id='word_1_226' title='bbox 385 3104 721 3170; x_wconf 89' lang='lat' dir='ltr'><strong>metendis</strong></span> <span class='ocrx_word' id='word_1_227' title='bbox 768 3101 1097 3168; x_wconf 83' lang='lat' dir='ltr'><strong>fructibus</strong></span> <span class='ocrx_word' id='word_1_228' title='bbox 1136 3110 1202 3166; x_wconf 91' lang='lat' dir='ltr'><strong>et</strong></span> <span class='ocrx_word' id='word_1_229' title='bbox 1240 3098 1701 3186; x_wconf 87' lang='lat' dir='ltr'><strong>percipiendis</strong></span> <span class='ocrx_word' id='word_1_230' title='bbox 1740 3100 2256 3164; x_wconf 88' lang='lat' dir='ltr'><strong>accommodata</strong></span> <span class='ocrx_word' id='word_1_231' title='bbox 2301 3112 2480 3166; x_wconf 91' lang='lat' dir='ltr'><strong>sunt.</strong></span> 
     </span>
     <span class='ocr_line' id='line_1_31' title="bbox 382 3198 2486 3284; baseline -0.002 -15"><span class='ocrx_word' id='word_1_232' title='bbox 382 3220 466 3270; x_wconf 76' lang='grc' dir='ltr'><strong>τι.</strong></span> <span class='ocrx_word' id='word_1_233' title='bbox 540 3202 832 3268; x_wconf 90' lang='lat' dir='ltr'><strong>Fructus</strong></span> <span class='ocrx_word' id='word_1_234' title='bbox 880 3214 1107 3266; x_wconf 87' lang='lat' dir='ltr'><strong>autern</strong></span> <span class='ocrx_word' id='word_1_235' title='bbox 1156 3198 1523 3265; x_wconf 90' lang='lat' dir='ltr'><strong>senectutis</strong></span> <span class='ocrx_word' id='word_1_236' title='bbox 1571 3208 1695 3273; x_wconf 90' lang='lat' dir='ltr'><strong>est,</strong></span> <span class='ocrx_word' id='word_1_237' title='bbox 1746 3210 1819 3262; x_wconf 93' lang='lat' dir='ltr'><strong>ut</strong></span> <span class='ocrx_word' id='word_1_238' title='bbox 1865 3220 2074 3284; x_wconf 86' lang='lat' dir='ltr'><strong>saepe</strong></span> <span class='ocrx_word' id='word_1_239' title='bbox 2121 3198 2290 3275; x_wconf 87' lang='lat' dir='ltr'><strong>dixi,</strong></span> <span class='ocrx_word' id='word_1_240' title='bbox 2329 3212 2486 3265; x_wconf 89' lang='lat' dir='ltr'><strong>ante</strong></span> 
     </span>
     <span class='ocr_line' id='line_1_32' title="bbox 385 3296 2485 3389; baseline -0.002 -22"><span class='ocrx_word' id='word_1_241' title='bbox 385 3313 734 3389; x_wconf 88' lang='lat' dir='ltr'><strong>partorum</strong></span> <span class='ocrx_word' id='word_1_242' title='bbox 776 3302 1109 3367; x_wconf 87' lang='lat' dir='ltr'><strong>bonorum</strong></span> <span class='ocrx_word' id='word_1_243' title='bbox 1159 3298 1490 3364; x_wconf 87' lang='lat' dir='ltr'><strong>memoria</strong></span> <span class='ocrx_word' id='word_1_244' title='bbox 1539 3307 1604 3362; x_wconf 92' lang='lat' dir='ltr'><strong>et</strong></span> <span class='ocrx_word' id='word_1_245' title='bbox 1650 3297 1871 3383; x_wconf 88' lang='lat' dir='ltr'><strong>copia.</strong></span> <span class='ocrx_word' id='word_1_246' title='bbox 1969 3296 2222 3363; x_wconf 89' lang='lat' dir='ltr'><strong>Omnia</strong></span> <span class='ocrx_word' id='word_1_247' title='bbox 2257 3311 2485 3363; x_wconf 86' lang='lat' dir='ltr'><strong>autem</strong></span> 
     </span>
     <span class='ocr_line' id='line_1_33' title="bbox 386 3396 2479 3490; baseline -0.003 -21"><span class='ocrx_word' id='word_1_248' title='bbox 386 3424 565 3490; x_wconf 85' lang='lat' dir='ltr'><strong>quae</strong></span> <span class='ocrx_word' id='word_1_249' title='bbox 595 3402 974 3468; x_wconf 89' lang='lat' dir='ltr'><strong>secundum</strong></span> <span class='ocrx_word' id='word_1_250' title='bbox 1005 3412 1319 3465; x_wconf 88' lang='lat' dir='ltr'><strong>naturam</strong></span> <span class='ocrx_word' id='word_1_251' title='bbox 1353 3398 1547 3471; x_wconf 90' lang='lat' dir='ltr'><strong>fiunt,</strong></span> <span class='ocrx_word' id='word_1_252' title='bbox 1582 3408 1740 3462; x_wconf 90' lang='lat' dir='ltr'><strong>sunt</strong></span> <span class='ocrx_word' id='word_1_253' title='bbox 1784 3397 2104 3462; x_wconf 87' lang='lat' dir='ltr'><strong>habenda</strong></span> <span class='ocrx_word' id='word_1_254' title='bbox 2150 3396 2221 3461; x_wconf 90' lang='lat' dir='ltr'><strong>in</strong></span> <span class='ocrx_word' id='word_1_255' title='bbox 2258 3397 2479 3462; x_wconf 89' lang='lat' dir='ltr'><strong>bonis.</strong></span> 
     </span>
     <span class='ocr_line' id='line_1_34' title="bbox 389 3495 2485 3588; baseline -0.003 -20"><span class='ocrx_word' id='word_1_256' title='bbox 389 3501 581 3588; x_wconf 80' lang='lat' dir='ltr'><strong>Qid</strong></span> <span class='ocrx_word' id='word_1_257' title='bbox 614 3513 716 3568; x_wconf 90' lang='lat' dir='ltr'><strong>est</strong></span> <span class='ocrx_word' id='word_1_258' title='bbox 761 3511 986 3565; x_wconf 86' lang='lat' dir='ltr'><strong>autem</strong></span> <span class='ocrx_word' id='word_1_259' title='bbox 1018 3511 1158 3564; x_wconf 89' lang='lat' dir='ltr'><strong>tam</strong></span> <span class='ocrx_word' id='word_1_260' title='bbox 1193 3497 1570 3563; x_wconf 88' lang='lat' dir='ltr'><strong>secundum</strong></span> <span class='ocrx_word' id='word_1_261' title='bbox 1613 3507 1923 3561; x_wconf 86' lang='lat' dir='ltr'><strong>naturam</strong></span> <span class='ocrx_word' id='word_1_262' title='bbox 1958 3517 2165 3582; x_wconf 86' lang='lat' dir='ltr'><strong>quam</strong></span> <span class='ocrx_word' id='word_1_263' title='bbox 2207 3495 2485 3562; x_wconf 89' lang='lat' dir='ltr'><strong>senibus</strong></span> 
     </span>
     <span class='ocr_line' id='line_1_35' title="bbox 388 3595 2485 3689; baseline -0.004 -20"><span class='ocrx_word' id='word_1_264' title='bbox 388 3600 648 3670; x_wconf 86' lang='lat' dir='ltr'><strong>emori?</strong></span> <span class='ocrx_word' id='word_1_265' title='bbox 695 3601 879 3689; x_wconf 93' lang='lat' dir='ltr'><strong>quod</strong></span> <span class='ocrx_word' id='word_1_266' title='bbox 911 3601 1093 3666; x_wconf 90' lang='lat' dir='ltr'><strong>idem</strong></span> <span class='ocrx_word' id='word_1_267' title='bbox 1129 3595 1462 3685; x_wconf 86' lang='lat' dir='ltr'><strong>contingit</strong></span> <span class='ocrx_word' id='word_1_268' title='bbox 1494 3595 2043 3661; x_wconf 88' lang='lat' dir='ltr'><strong>adulescentibus</strong></span> <span class='ocrx_word' id='word_1_269' title='bbox 2076 3596 2485 3661; x_wconf 86' lang='lat' dir='ltr'><strong>adversante</strong></span> 
     </span>
     <span class='ocr_line' id='line_1_36' title="bbox 389 3694 2482 3788; baseline -0.005 -17"><span class='ocrx_word' id='word_1_270' title='bbox 389 3715 456 3771; x_wconf 91' lang='lat' dir='ltr'><strong>et</strong></span> <span class='ocrx_word' id='word_1_271' title='bbox 487 3712 917 3788; x_wconf 87' lang='lat' dir='ltr'><strong>repugnante</strong></span> <span class='ocrx_word' id='word_1_272' title='bbox 951 3712 1217 3765; x_wconf 88' lang='lat' dir='ltr'><strong>natura.</strong></span> <span class='ocrx_word' id='word_1_273' title='bbox 1316 3697 1557 3784; x_wconf 91' lang='lat' dir='ltr'><strong>Itaque</strong></span> <span class='ocrx_word' id='word_1_274' title='bbox 1591 3695 2063 3760; x_wconf 89' lang='lat' dir='ltr'><strong>adulescentes</strong></span> <span class='ocrx_word' id='word_1_275' title='bbox 2096 3694 2263 3759; x_wconf 89' lang='lat' dir='ltr'><strong>mihi</strong></span> <span class='ocrx_word' id='word_1_276' title='bbox 2311 3696 2482 3760; x_wconf 89' lang='lat' dir='ltr'><strong>mori</strong></span> 
     </span>
     <span class='ocr_line' id='line_1_37' title="bbox 390 3793 2482 3884; baseline -0.003 -16"><span class='ocrx_word' id='word_1_277' title='bbox 390 3802 492 3869; x_wconf 87' lang='lat' dir='ltr'><strong>sic</strong></span> <span class='ocrx_word' id='word_1_278' title='bbox 533 3800 875 3875; x_wconf 87' lang='lat' dir='ltr'><strong>videntur,</strong></span> <span class='ocrx_word' id='word_1_279' title='bbox 925 3809 1000 3864; x_wconf 90' lang='lat' dir='ltr'><strong>ut</strong></span> <span class='ocrx_word' id='word_1_280' title='bbox 1044 3819 1201 3863; x_wconf 89' lang='lat' dir='ltr'><strong>cum</strong></span> <span class='ocrx_word' id='word_1_281' title='bbox 1251 3816 1474 3884; x_wconf 91' lang='lat' dir='ltr'><strong>aquae</strong></span> <span class='ocrx_word' id='word_1_282' title='bbox 1530 3794 1955 3860; x_wconf 87' lang='lat' dir='ltr'><strong>multitudine</strong></span> <span class='ocrx_word' id='word_1_283' title='bbox 2002 3793 2325 3861; x_wconf 88' lang='lat' dir='ltr'><strong>flammae</strong></span> <span class='ocrx_word' id='word_1_284' title='bbox 2377 3795 2482 3861; x_wconf 91' lang='lat' dir='ltr'><strong>vis</strong></span> 
     </span>
    </p>
   </div>
   <div class='ocr_carea' id='block_1_4' title="bbox 388 3894 2481 3988">
    <p class='ocr_par' dir='ltr' id='par_1_4' title="bbox 388 3894 2481 3988">
     <span class='ocr_line' id='line_1_38' title="bbox 388 3894 2481 3988; baseline -0.002 -22"><span class='ocrx_word' id='word_1_285' title='bbox 388 3898 835 3988; x_wconf 83' lang='lat' dir='ltr'><strong>opprimitur:</strong></span> <span class='ocrx_word' id='word_1_286' title='bbox 882 3919 1083 3964; x_wconf 90' lang='lat' dir='ltr'><strong>senes</strong></span> <span class='ocrx_word' id='word_1_287' title='bbox 1115 3908 1342 3962; x_wconf 85' lang='lat' dir='ltr'><strong>autern</strong></span> <span class='ocrx_word' id='word_1_288' title='bbox 1391 3894 1493 3961; x_wconf 87' lang='lat' dir='ltr'><strong>sic</strong></span> <span class='ocrx_word' id='word_1_289' title='bbox 1536 3904 1610 3959; x_wconf 90' lang='lat' dir='ltr'><strong>ut</strong></span> <span class='ocrx_word' id='word_1_290' title='bbox 1642 3914 1798 3958; x_wconf 89' lang='lat' dir='ltr'><strong>cum</strong></span> <span class='ocrx_word' id='word_1_291' title='bbox 1832 3915 1955 3960; x_wconf 89' lang='lat' dir='ltr'><strong>sua</strong></span> <span class='ocrx_word' id='word_1_292' title='bbox 1987 3906 2255 3982; x_wconf 90' lang='lat' dir='ltr'><strong>sponte,</strong></span> <span class='ocrx_word' id='word_1_293' title='bbox 2289 3896 2481 3963; x_wconf 87' lang='lat' dir='ltr'><strong>nulla</strong></span> 
     </span>
    </p>
   </div>
  </div>
 </body>
</html>
