2817 4459
395 253 480 320 28
1223 251 1331 321 on
1374 252 1518 322 old
1540 251 1724 342 Age.
2136 250 2314 322 [emr-
2342 252 2494 322 Mn·

389 471 542 517 esse
588 471 793 517 nemo
833 458 1075 536 potest.
1171 449 1617 518 Moriendum
1656 450 1843 516 enim
1889 460 2072 517 certe
2119 460 2245 527 est,
2280 459 2351 517 et
2394 448 2495 516 in-

388 561 648 615 certum
682 572 770 615 an
806 551 939 616 hoc
970 551 1119 636 ipso
1151 550 1289 616 die.
1387 551 1687 616 Mortem
1721 550 1930 638 igitur
1958 552 2276 616 omnibus
2309 550 2494 616 horis

385 652 873 738 inpendentem
905 652 1152 718 timens
1184 652 1299 740 qui
1332 654 1577 739 poterit
1625 655 1855 718 animo
1899 651 2314 719 consistere?
2401 672 2491 720 τε.

385 750 494 815 De
527 773 663 839 qua
711 773 850 817 non
896 752 991 816 ita
1037 754 1250 840 longa
1283 752 1743 838 disputatione
1787 773 1963 838 opus
2009 773 2163 818 esse
2193 753 2486 830 videtur,
2521 749 2534 760 ⁴

385 871 541 915 cum
575 852 893 917 recorder
930 873 1069 917 non
1102 850 1190 916 L.
1229 850 1546 927 Brutum,
1581 850 1700 938 qui
1747 851 1818 916 in
1865 851 2223 917 liberanda
2270 853 2490 938 patria

382 961 483 1015 est
527 949 921 1016 interfectus
945 972 964 1026 3
1013 972 1153 1016 non
1200 951 1373 1016 duos
1414 950 1695 1027 DecioS‚
1732 950 1848 1038 qui
1896 951 1984 1016 ad
2030 952 2488 1019 voluntariam

382 1060 667 1114 mortem
695 1070 970 1115 cursum
993 1070 1321 1136 equorum
1347 1049 1840 1123 incitaverunt3
1875 1070 2014 1116 non
2032 1049 2137 1115 M.
2162 1050 2482 1128 Atilium,

379 1147 494 1234 qui
529 1148 619 1213 ad
651 1148 1067 1233 supplicium
1101 1159 1204 1214 est
1249 1149 1620 1234 profectus,
1655 1160 1730 1214 ut
1776 1150 1984 1215 fidem
2034 1149 2209 1215 hosti
2252 1150 2485 1216 datam

379 1265 855 1329 conservaret3
905 1276 1042 1320 non
1092 1255 1265 1320 duos
1311 1253 1701 1340 Scipiones,
1738 1245 1855 1342 qui
1902 1254 2029 1321 iter
2073 1255 2326 1323 Poenis
2370 1257 2484 1323 vel

378 1363 776 1448 corporibus
821 1364 962 1430 suis
1009 1364 1361 1430 obstruere
1391 1364 1796 1439 voluerunt3
1847 1386 1985 1431 non
2035 1386 2244 1431 avum
2290 1378 2482 1432 tuum

374 1461 464 1527 L.
534 1462 860 1539 Paulum,
926 1462 1041 1551 qui
1106 1474 1322 1528 morte
1387 1463 1554 1529 eluit
1615 1465 1929 1551 collegae
1991 1465 2063 1530 in
2125 1465 2481 1532 Cannensi

374 1561 757 1650 ignominia
819 1563 1313 1638 temeritatem3
1392 1585 1535 1628 non
1596 1562 1703 1628 Μ.
1772 1564 2218 1642 Marcellum,
2285 1567 2482 1653 cujus

372 1661 717 1727 interitum
750 1681 840 1727 ne
865 1661 1377 1728 crudelissimus
1403 1663 1683 1750 quidem
1720 1664 1932 1729 hostis
1960 1665 2219 1730 honore
2252 1666 2481 1750 sepul-

370 1770 565 1827 turae
613 1783 848 1827 carere
897 1783 1142 1848 passus
1191 1762 1576 1838 est,—-sed
1622 1763 1934 1850 legiones
1966 1775 2257 1839 nostras,
2295 1765 2481 1851 quod

371 1861 613 1948 scripsi
665 1861 738 1926 in
796 1859 1230 1949 Originibus,
1277 1861 1349 1926 in
1398 1884 1558 1927 eum
1604 1862 1833 1927 locum
1880 1884 2091 1948 saepe
2137 1864 2479 1950 profectas

371 1960 582 2025 alacri
634 1962 864 2026 animo
919 1972 986 2026 et
1041 1973 1290 2037 erecto,
1350 1962 1537 2026 unde
1592 1982 1669 2026 se
1715 1961 2049 2027 redituras
2098 1984 2477 2050 numquam

296 2138 300 2142 ⁴
370 2061 880 2125 arbitrarentur.
951 2058 1161 2144 Qod
1193 2060 1401 2148 igitur
1434 2061 2088 2126 adulescentes—et
2117 2062 2162 2125 ii
2196 2064 2476 2149 quidem

369 2182 504 2224 non
540 2161 760 2226 solum
809 2160 1062 2226 indocti
1111 2160 1233 2225 sed
1282 2160 1490 2225 etiam
1538 2159 2368 2237 rustici—contemnunt,
2404 2161 2478 2228 id

368 2259 548 2325 docti
581 2281 781 2325 senes
815 2257 1305 2324 extimescent?
1377 2276 1472 2323 τα.
1529 2259 1857 2334 Omnino,
1894 2270 1966 2324 ut
1998 2260 2163 2324 mihi
2196 2261 2475 2347 quidem

366 2360 658 2435 videtur,
695 2381 925 2424 rerum
965 2359 1272 2424 omnium
1319 2360 1596 2424 satietas
1628 2358 1809 2424 vitae
1858 2359 2017 2424 facit
2063 2361 2468 2425 satietatem.

367 2458 546 2525 Sunt
578 2459 911 2545 pueritiae
946 2459 1169 2524 studia
1212 2469 1440 2523 certa:
1490 2479 1656 2523 num
1705 2458 1912 2545 igitur
1951 2480 2034 2524 ea
2082 2460 2476 2526 desiderant

367 2556 893 2624 adulescentes?
986 2557 1164 2623 Sunt
1209 2558 1505 2623 ineuntis
1556 2557 2107 2624 adulescentiaee
2171 2581 2339 2624 num
2389 2580 2473 2625 ea

367 2670 687 2724 constans
714 2658 860 2746 jam
896 2657 1176 2745 requirit
1209 2668 1396 2722 aetas
1430 2679 1607 2745 quae
1643 2657 1868 2722 media
1903 2657 2193 2723 dicitur?
2292 2658 2475 2725 Sunt

367 2755 570 2823 etiam
605 2758 752 2846 ejus
788 2757 1068 2822 aetatisz
1116 2779 1204 2822 ne
1238 2778 1321 2821 ea
1354 2758 1631 2844 quidem
1666 2768 2084 2843 quaeruntur
2129 2758 2200 2822 in
2233 2780 2470 2825 senec-

366 2869 528 2922 tute.
612 2856 790 2923 Sunt
822 2869 1128 2921 extrema
1155 2857 1498 2943 quaedam
1532 2858 1755 2921 studia
1788 2856 2179 2923 senectutis.
2247 2857 2465 2947 Erg0‚

364 2969 439 3021 ut
485 2957 912 3042 superiorum
961 2968 1256 3020 aetatum
1315 2956 1539 3021 studia
1602 2956 1948 3030 occidunt,
2000 2955 2102 3021 sic
2148 2957 2471 3025 occidunt

366 3057 569 3122 etiam
603 3056 994 3121 senectutis.
1068 3053 1279 3139 Qod
1312 3077 1469 3120 cum
1503 3055 1753 3130 evenit,
1783 3054 2062 3121 satietas
2086 3056 2265 3122 vitae
2296 3068 2471 3123 tem-

365 3177 494 3242 pus
528 3167 868 3220 maturum
905 3155 1137 3220 mortis
1171 3155 1415 3219 adfert.

309 3247 319 3255 ’
453 3274 609 3319 xm.
658 3271 749 3318 ττ.
812 3253 974 3319 Non
1016 3253 1199 3318 enim
1233 3253 1433 3319 video
1478 3275 1602 3319 cur
1633 3254 1797 3340 quid
1846 3254 1994 3339 ipse
2041 3255 2331 3320 sentiam
2379 3256 2466 3322 de

366 3365 578 3419 morte
611 3376 749 3419 non
786 3354 1079 3418 audeam
1110 3353 1305 3418 vobis
1339 3354 1594 3426 dicere,
1630 3354 1816 3439 quod
1849 3375 1931 3418 eo
1971 3375 2251 3419 cernere
2299 3355 2465 3420 mihi

365 3454 609 3519 melius
642 3454 903 3528 videor,
941 3475 1078 3540 quo
1113 3452 1199 3517 ab
1234 3473 1317 3517 ea
1351 3453 1630 3537 propius
1666 3452 1934 3517 absum.
2019 3452 2174 3539 Ego
2204 3466 2466 3520 vestros

364 3564 616 3639 patreS‚
649 3564 722 3617 tu
772 3551 1033 3637 Scipio,
1067 3561 1276 3638 tuque
1308 3550 1537 3627 Laeli,
1573 3552 1756 3617 viros
1802 3551 2219 3618 clarissimos
2266 3554 2467 3618 mihi-

363 3674 494 3739 que
541 3651 1055 3718 amicissisimos
1099 3650 1330 3716 vivere
1379 3651 1690 3727 arbitror,
1729 3662 1795 3716 et
1840 3672 1997 3716 eam
2043 3652 2320 3738 quidem
2367 3653 2466 3718 vi-

358 3760 499 3818 tam
532 3773 709 3840 quae
745 3762 847 3817 est
893 3752 1040 3817 sola
1069 3749 1209 3815 vita
1241 3749 1688 3815 nominanda.
1787 3749 2000 3826 Nam,
2029 3751 2194 3815 dum
2227 3773 2465 3818 sumus

361 3851 606 3918 inclusi
670 3852 743 3916 in
807 3850 915 3917 his
971 3849 1401 3938 conpagibus
1449 3850 1782 3934 corporis,
1832 3871 2117 3915 munere
2164 3852 2464 3937 quodam

360 3952 784 4018 necessitatis
848 3961 915 4017 et
976 3949 1172 4040 gravi
1234 3970 1443 4036 opere
1493 3949 1994 4038 perfungimur.
2099 3948 2225 4016 Est
2278 3951 2461 4016 enim
