2817 4459
222 1009 283 1079 (Κ

353 239 400 307 6
1148 242 1256 310 On
1301 242 1443 311 Old
1466 242 1651 333 Age.
2095 194 2268 333 [cxi.
2298 262 2450 333 MAJ.

350 439 702 506 tkenaicus
740 437 1128 505 inscribitur
1159 451 1400 526 quarto
1432 450 1502 506 et,
1531 439 1980 529 nonagesimo
2012 460 2195 506 anno
2242 440 2469 526 scrip-m.

353 539 524 605 sisse
586 560 661 604 se
708 538 896 613 dicit,
945 539 1248 625 vixitque
1310 539 1854 627 quinquennium
1915 550 2194 624 postea3
2258 541 2452 629 cujus

353 638 681 726 magister
710 636 1091 703 Leontinus
1126 638 1425 725 Gorgias
1458 651 1730 703 centum
1764 649 1830 720 et
1860 648 2123 723 septem
2156 641 2454 725 comple·
2513 677 2529 700 .

351 738 447 803 vit
472 758 716 813 annOS,
744 758 968 824 neque
992 758 1320 824 umquam
1347 737 1415 802 in
1445 759 1568 803 suo
1595 737 1818 803 studio
1846 750 2049 824 atque
2073 760 2282 824 opere
2307 760 2454 805 ces-

353 838 561 904 savit..
651 834 821 919 Qi,
858 857 1015 901 cum
1049 856 1138 901 ex
1169 857 1251 901 eo
1283 832 1721 923 quaereretur
1754 858 1876 901 cur
1906 848 2045 903 tarn
2095 840 2212 904 diu
2245 840 2449 904 vellet

352 958 503 1003 esse
524 936 595 1001 in
614 936 780 1013 vita,
819 935 1051 1001 ‘Nihil
1084 935 1345 1001 habeo’
1369 936 1588 1023 inquit
1613 938 1830 1023 ‘quod
1866 958 2184 1003 accusem
2218 959 2454 1003 senec-

350 1036 610 1102 tutem!
642 1048 784 1100 2‘14.
829 1034 1274 1102 Praeclarum
1320 1056 1754 1121 responsum,
1805 1047 1872 1102 et
1917 1038 2116 1102 docto
2172 1037 2448 1102 homine

352 1136 666 1224 dignum.
750 1133 895 1201 Sua
928 1135 1111 1199 enim
1135 1135 1298 1200 vitia
1330 1134 1729 1222 insipientes
1756 1148 1822 1201 et
1853 1158 2048 1201 suam
2075 1137 2347 1222 culpam
2381 1137 2450 1200 in

353 1249 771 1305 senectutem
804 1236 1200 1312 conferunt3
1251 1239 1436 1326 quod
1462 1260 1601 1306 non
1626 1238 1920 1305 faciebat
1944 1238 2001 1304 is
2027 1238 2219 1327 cujus
2247 1240 2449 1304 modo

351 1338 771 1406 mentionem
803 1337 935 1403 feci
968 1336 1277 1404 Ennius:

594 1496 763 1556 Sicut
788 1495 967 1594 fortis
996 1515 1207 1573 equus,
1239 1497 1441 1575 spatio
1470 1498 1575 1575 qui
1604 1518 1789 1576 saepe
1818 1517 2104 1576 supremo

588 1587 755 1656 Vicit
783 1586 1088 1665 Olympia,
1119 1606 1282 1647 nunc
1311 1589 1486 1647 senio
1515 1590 1830 1649 confectus
1861 1588 2135 1665 quiescit.

352 1734 534 1822 Equi
558 1733 748 1800 sortis
773 1744 840 1799 et
861 1732 1136 1800 victoris
1169 1735 1499 1801 senectuti
1533 1747 1886 1822 comparat
1917 1757 2137 1801 suam.
2177 1722 2180 1726 ’
2222 1733 2453 1819 Qem

352 1835 629 1924 quidem
663 1834 875 1920 probe
908 1834 1301 1900 meminisse
1333 1836 1632 1920 potestis.
1726 1834 1935 1901 Anno
1962 1836 2142 1899 enim
2168 1833 2454 1899 undevi-

354 1933 612 2000 cesimo
659 1944 811 2019 post
843 1933 990 2021 ejus
1023 1945 1307 1999 mortem
1343 1935 1414 1999 hi
1449 1936 1764 2000 consules
1795 1935 1885 1999 T.
1924 1919 2352 1999 Flamininus
2386 1943 2452 1997 et

353 2036 477 2101 Μ’.
503 2034 772 2101 Acilius
803 2035 963 2101 facti
997 2046 1194 2111 sunt3
1246 2035 1363 2101 ille
1398 2048 1625 2102 autem
1653 2036 2005 2122 Caepione
2035 2048 2100 2102 et
2131 2035 2452 2121 Philippo

352 2135 598 2201 iterum
647 2134 1055 2201 consulibus
1090 2147 1397 2201 mortuus
1445 2147 1587 2202 est:
1653 2158 1809 2202 cum
1858 2156 1991 2223 ego
2038 2135 2338 2222 quinque
2387 2145 2454 2199 et

356 2234 719 2323 sexaginta
767 2256 985 2300 annos
1031 2246 1231 2300 natus
1278 2236 1508 2323 legem
1535 2234 1930 2311 ⁸Voconiam
1980 2255 2238 2323 magna
2284 2254 2452 2299 voce

357 2339 424 2403 et
440 2335 638 2401 bonis
661 2325 1405 2416 lateribus'suasisse'm.
1498 2334 1742 2400 Annos
1769 2334 2200 2423 septuaginta
2224 2344 2449 2409 natuS,

354 2474 443 2487 --
463 2446 559 2501 tot
577 2434 759 2500 enim
782 2434 950 2499 vixit
970 2433 1264 2510 Ennius,
1285 2472 1376 2483 —-
1396 2434 1489 2500 ita
1512 2435 1772 2500 serebat
1796 2436 1931 2500 duo
1952 2455 2127 2521 quae
2150 2433 2455 2498 maxima

356 2546 680 2623 putantur
709 2555 921 2601 onera
952 2555 1136 2620 paup
1183 2546 1420 2600 rtatem
1447 2546 1514 2599 et
1539 2545 1980 2609 senectutem,
2008 2544 2084 2597 ut
2108 2534 2205 2598 eis
2232 2553 2452 2618 paene

358 2634 681 2701 delectari
727 2634 1093 2699 videretur.
1188 2651 1270 2699 15.
1317 2633 1616 2709 Etenim,
1654 2655 1809 2698 cum
1851 2634 2265 2718 complector
2312 2632 2457 2695 ani-

359 2756 498 2811 m0,
534 2744 851 2822 quattuor
880 2734 1146 2820 reperio
1180 2755 1427 2799 causas
1461 2755 1582 2799 cur
1620 2742 1933 2799 senectus
1977 2733 2226 2797 misera
2267 2732 2456 2796 vide·

362 2846 551 2901 atur:
598 2856 836 2911 unam,
870 2835 1054 2921 quod
1099 2846 1338 2899 avocet
1385 2855 1425 2898 a
1474 2835 1679 2899 rebus
1727 2832 2089 2920 gerendis;
2142 2832 2451 2905 alteram,

360 2935 544 3022 quod
607 2956 853 3020 corpus
916 2927 1121 3000 saciat
1181 2934 1558 3009 infirmius3
1637 2934 1929 3007 tertiam,
1997 2932 2178 3018 quod
2242 2931 2458 3016 privet

360 3035 676 3100 omnibus
702 3034 842 3099 fere
867 3034 1366 3119 voluptatibus3
1416 3044 1755 3120 quartam,
1785 3032 1968 3117 quod
2003 3033 2186 3095 haud
2221 3031 2457 3116 procul

364 3134 538 3199 absit
600 3154 640 3197 a
703 3145 936 3198 morte.
1031 3133 1315 3208 Earum,
1367 3134 1426 3198 si
1492 3134 1741 3218 placet,
1796 3152 2157 3196 causarum
2205 3141 2458 3216 quanta

362 3227 707 3319 quamque
754 3231 839 3296 sit
877 3232 1060 3320 justa
1104 3252 1244 3296 una
1292 3253 1607 3318 quaeque
1656 3231 2036 3295 videamus.

451 3350 556 3395 VI.
627 3341 646 3371 ⁶
670 3329 741 3395 A
800 3331 1004 3395 rebus
1065 3332 1388 3418 gerendis
1453 3343 1768 3396 senectus
1819 3319 2169 3393 abstrahit.
2178 3328 2194 3357 '
2288 3326 2462 3414 Qi-

360 3429 536 3495 bus?
613 3428 772 3494 An
755 3430 837 3494 1is
863 3450 1039 3515 quae
1065 3430 1418 3517 juventute
1446 3441 1774 3516 geruntur
1801 3439 1865 3494 et
1891 3426 2193 3493 viribus?
2286 3426 2463 3491 Nul-

363 3531 565 3595 laene
598 3528 804 3617 igitur
827 3550 936 3593 res
962 3533 1117 3594 sunt
1142 3528 1390 3594 seniles
1416 3549 1594 3615 quae
1618 3530 1728 3594 vel
1755 3528 2040 3593 infirmis
2067 3526 2462 3612 corporibus

366 3628 597 3694 animo
642 3638 872 3692 tamen
923 3626 1519 3693 administrentur?
1612 3627 1808 3693 Nihil
1857 3649 2025 3716 ergo
2074 3627 2327 3715 agebat
2365 3624 2473 3709 Q

366 3726 767 3792 Maximus?
861 3726 1055 3791 Nihil
1097 3726 1183 3792 L.
1221 3726 1509 3802 Paulus,
1545 3739 1739 3813 pater
1768 3739 1949 3802 tuuS‚
1988 3749 2184 3793 socer
2230 3724 2465 3810 optimi

366 3826 521 3901 viri,
575 3827 673 3890 fili
724 3825 902 3891 mei?
995 3826 1247 3893 Ceteri
1278 3848 1502 3901 senes,
1559 3826 1883 3901 Fabricii,
1931 3825 2152 3902 Curii,
2200 3825 2469 3912 Corun-

370 3925 577 4002 canii,
614 3946 775 3991 cum
806 3946 952 3991 rem
983 3926 1331 4011 publicam
1365 3925 1651 3991 consilio
1684 3937 1749 3992 et
1791 3901 2186 3992 aucloritate
2233 3925 2469 3992 defen-
