2817 4459
344 300 443 342 xv.
497 287 609 359 ει]
824 287 896 355 T
882 289 968 353 lte
1013 288 1341 377 Delzgkts
1388 288 1486 377 qs
1511 287 1969 376 Husbandry.
2195 325 2210 338 ·
2363 307 2448 377 19

344 484 596 573 pissetl
708 483 953 569 Qam
1015 486 1399 551 delectabat
1459 507 1618 551 eum
1680 484 2096 551 defectiones
2158 484 2321 551 solis
2383 495 2451 551 et

344 586 551 651 lunae
586 586 797 650 multo
832 597 987 650 ante
1021 585 1218 650 nobis
1251 583 1691 671 praedicere!
1782 603 1877 649 50.
1926 582 2115 667 Qid
2162 583 2234 649 in
2282 584 2449 648 levi-

344 686 574 752 oribus
599 684 865 759 studiis‚
895 685 1016 750 sed
1042 695 1271 748 tamen
1299 683 1557 749 acutis?
1608 682 1844 769 Qam
1871 684 2219 772 gaudebat
2241 683 2447 763 Bello

345 806 470 850 suo
494 784 761 849 Punico
787 782 1140 870 Naevius!
1188 804 1398 870 quam
1438 782 1853 848 Truculento
1881 782 2204 847 Plautus!
2238 804 2446 870 quam

343 883 743 949 Pseudulo!
841 883 1007 949 Vidi
1059 882 1262 948 etiam
1311 904 1548 948 senem
1596 881 1904 954 Livium,
1952 882 2068 969 qui
2118 902 2275 946 cum
2323 904 2447 947 sex

347 983 544 1048 annis
601 994 755 1047 ante
810 1005 1020 1071 quam
1073 1004 1208 1069 ego
1262 993 1464 1046 natus
1520 1003 1675 1046 sum
1738 980 2044 1046 fabulam
2105 981 2448 1046 docuisset

345 1082 657 1149 Centone
688 1082 1173 1169 Tuditanoque
1214 1080 2010 1174 consulibusssgisqueiad
2044 1080 2447 1146 adulescen-

342 1182 507 1246 tiam
542 1204 767 1247 meam
802 1182 1132 1268 processit
1165 1192 1408 1246 aetate.
1491 1177 1681 1263 Qid
1714 1169 1801 1245 de
1821 1169 1914 1243 ‘P.'
1952 1178 2178 1244 Licini
2210 1178 2448 1245 Crassi

344 1292 412 1346 et
458 1281 757 1367 pontifici
793 1294 856 1347 et
888 1277 1107 1346 civilis
1143 1275 1317 1369 juris
1350 1279 1574 1344 studio
1617 1277 1900 1366 loquar?
1949 1292 2065 1343 aut
2110 1278 2197 1343 de
2245 1278 2448 1367 hujus

344 1380 426 1446 P.
465 1380 836 1466 ScipioniS,
882 1381 999 1467 qui
1040 1381 1147 1446 his
1190 1380 1431 1467 paucis
1475 1376 1715 1444 dieb‘us
1759 1379 2062 1463 pontifex
2102 1378 2446 1443 maximus
2525 1393 2533 1399 ’

343 1481 564 1546 factus
611 1479 755 1545 est?
849 1479 1058 1566 Atqui
1107 1502 1224 1546 eos
1271 1479 1496 1546 omnis
1538 1498 1711 1565 quos
1759 1476 2291 1542 commemoravi
2339 1477 2446 1542 his

344 1581 585 1646 studiis
631 1579 988 1667 flagrantis
1035 1601 1235 1645 senes
1267 1580 1589 1645 vidimus.
1689 1577 1793 1643 M.
1826 1599 1991 1642 vero
2023 1577 2442 1665 Cethegum,

342 1702 547 1768 quem
609 1691 792 1745 recte
849 1678 1134 1745 Suadae
1188 1680 1559 1744 medullam
1616 1677 1785 1743 dix-it
1840 1676 2132 1754 EnniuS,
2189 1688 2446 1763 quanto

344 1780 566 1845 studio
621 1778 926 1844 exerceri
980 1778 1047 1842 in
1106 1779 1397 1845 dicendo
1450 1778 1857 1844 videbamus
1911 1778 2115 1842 etiam
2164 1775 2444 1843 senem!

346 1878 550 1963 Quae
584 1890 740 1944 sunt
771 1879 981 1965 igitur
1011 1879 1369 1963 epularum
1407 1889 1523 1943 aut
1569 1879 1886 1944 ludorum
1922 1887 2036 1942 aut
2067 1889 2446 1944 scortorum

341 1981 724 2063 voluptates
759 1999 915 2043 cum
949 1977 1056 2044 his
1088 1978 1550 2063 voluptatibus
1583 1976 2137 2066 comparandae?
2214 1977 2445 2066 Atque

346 2079 521 2143 haec
551 2078 828 2165 quidem
863 2078 1087 2143 studia
1120 2077 1469 2142 doctrinae
1497 2099 1513 2141 ε
1563 2099 1741 2164 quae
1784 2078 2063 2165 quidem
2097 2078 2445 2165 prudenti-

341 2177 472 2242 bus
519 2190 585 2242 et
631 2178 806 2242 bene
853 2176 1168 2242 institutis
1216 2177 1468 2262 pariter
1514 2198 1672 2242 cum
1721 2189 1941 2244 aetate
1990 2192 2330 2255 crescunt,
2371 2190 2447 2244 ut

345 2278 706 2342 honesturn
741 2275 910 2340 illud
946 2275 1221 2341 Solonis
1255 2276 1363 2352 sit,
1397 2278 1580 2363 quod
1616 2277 1709 2342 ait
1739 2278 2081 2344 versiculo
2114 2279 2441 2366 quodam,

343 2388 419 2441 ut
458 2387 614 2439 ante
647 2375 816 2450 dixi,
854 2396 1212 2440 senescere
1261 2397 1334 2441 se
1383 2377 1595 2441 multa
1642 2377 1714 2441 in
1748 2378 1896 2461 dies
1930 2378 2442 2453 addiscentem3

344 2496 479 2566 qua
511 2475 856 2561 voluptate
892 2474 1101 2539 animi
1134 2475 1339 2542 nullas
1358 2487 1538 2541 certe
1573 2467 1791 2561 potest
1823 2500 1974 2543 esse
2010 2477 2278 2566 major-2

297 2608 322 2618 -
432 2594 558 2640 xv,
597 2588 678 2635 51.
722 2573 950 2639 Venio
997 2595 1182 2640 nunc
1224 2575 1310 2639 ad
1348 2576 1731 2660 voluptates
1774 2578 2259 2664 agricolarum,
2295 2576 2445 2663 qui-

341 2676 470 2740 bus
503 2696 637 2763 ego
670 2674 1155 2739 incredibiliter
1187 2675 1525 2750 delect01·;
1576 2698 1753 2763 quae
1790 2698 1918 2742 nec
1965 2677 2107 2741 ulla
2153 2676 2443 2761 impedi-

340 2786 546 2840 untur
594 2784 964 2849 senectute,
1016 2784 1083 2838 et
1145 2774 1311 2838 mihi
1362 2776 1450 2840 ad
1501 2777 1827 2861 sapientis
1873 2777 2083 2841 vitam
2135 2777 2443 2862 proxime

340 2874 657 2940 videntur
690 2874 1043 2938 accedere.
1144 2873 1426 2939 Habent
1458 2876 1641 2940 enirn
1674 2877 2005 2941 rationem
2043 2898 2199 2941 cum
2232 2887 2437 2952 terra,

341 2994 518 3061 quae
569 2994 943 3060 numquam
991 2985 1262 3039 recusat
1308 2974 1699 3060 imperium,
1748 2996 1876 3040 nec
1926 2975 2244 3062 cuiquam
2295 2975 2442 3040 sine

340 3094 550 3138 usura
584 3074 805 3138 reddit
833 3073 1014 3159 quod
1042 3074 1329 3160 accepit,
1359 3077 1482 3140 sed
1516 3075 1689 3139 alias
1722 3075 2008 3148 minore,
2039 3077 2443 3162 plerumque

344 3173 600 3259 majore
664 3193 819 3237 cum
881 3172 1181 3238 faenore.
1280 3172 1726 3260 Quamquam
1792 3195 1902 3238 me
1963 3176 2238 3261 quidem
2306 3196 2441 3239 non

344 3272 600 3336 fructus
652 3272 880 3347 mod0,
935 3273 1058 3337 sed
1115 3273 1318 3337 etiam
1367 3273 1582 3357 ipsius
1629 3284 1849 3337 terrae
1901 3273 2004 3337 vis
2061 3294 2143 3337 ac
2199 3288 2443 3337 natura

344 3371 675 3444 delectat3
725 3392 902 3457 quae
955 3392 1112 3435 curn
1169 3372 1434 3459 gremio
1485 3372 1741 3437 mollito
1790 3394 1873 3436 ac
1922 3373 2203 3436 subacto
2252 3394 2443 3457 spar-

344 3492 495 3535 sum
559 3490 794 3535 semen
842 3471 1139 3556 excepit,
1190 3470 1485 3555 primum
1550 3471 1621 3535 id
1683 3483 2123 3536 occaecatum
2171 3472 2443 3536 cohibet

351 3573 476 3655 (ex
509 3590 643 3655 quo
677 3572 934 3634 occatio
966 3590 1145 3656 quae
1180 3570 1310 3634 hoc
1336 3570 1541 3634 efficit
1571 3571 1921 3634 nominata
1956 3571 2093 3654 est)
2125 3592 2142 3644 3
2192 3571 2441 3635 deinde

342 3668 756 3752 tepefactum
789 3688 1044 3752 vapore
1078 3679 1145 3733 et
1189 3689 1561 3754 conpressu
1611 3690 1735 3733 suo
1782 3668 2102 3733 diffundit
2149 3679 2215 3733 et
2261 3670 2444 3734 elicit

344 3768 862 3833 herbescentem
895 3788 984 3831 ex
1017 3788 1099 3833 eo
1129 3766 1583 3841 viriditatem3
1634 3789 1812 3854 quae
1858 3768 2025 3832 nixa
2066 3768 2254 3833 fibris
2294 3769 2441 3832 stir-

342 3867 530 3954 pium
594 3866 848 3933 sensim
914 3866 1269 3941 adulescit,
1335 3869 1697 3953 culmoque
1762 3878 1987 3930 erecta
2049 3867 2441 3955 geniculato

341 3966 614 4056 vaginis
684 3966 830 4061 jam
893 3966 1089 4053 quasi
1153 3968 1538 4052 pubescens
1608 3966 2016 4041 includitur3
2096 3987 2135 4033 e
2196 3966 2441 4053 quibus
