2817 4459
376 245 549 288 xvm.
576 232 689 307 62·]
872 234 1260 322 Examples
1305 238 1402 319 of
1426 235 1774 299 Honored
1811 234 1996 320 Age.
2383 254 2467 321 23

375 440 603 496 essent
661 430 783 496 illa
844 430 1157 496 dimensa
1213 441 1417 516 atque
1480 428 1845 513 discripta3
1910 439 1977 495 et
2036 428 2302 517 Cyrum
2364 454 2472 498 re-

374 529 772 615 spondisse:
827 545 845 570 ⁶
871 529 1082 615 Atqui
1115 550 1248 615 ego
1281 529 1408 592 ista
1441 550 1592 592 sum
1626 528 1857 592 omnia
1890 528 2281 604 dimensus;
2334 531 2469 595 mei

372 640 530 694 sunt
588 629 888 705 ordines,
943 650 1099 692 mea
1153 627 1545 712 discripti03
1610 627 1864 690 multae
1918 627 2123 691 etiam
2185 628 2469 693 istarum

375 729 693 794 arborum
741 749 898 792 mea
946 748 1155 791 manu
1203 738 1360 791 sunt
1422 726 1661 790 satae.’
1760 726 1945 790 Tum
1994 724 2463 812 Lysandrum,

372 828 744 892 intuentem
779 847 1151 912 purpuram
1186 825 1333 913 ejus
1365 836 1432 889 et
1463 826 1750 889 nitorem
1785 825 2087 908 corporis
2118 839 2469 892 ornatum-

369 948 505 1014 que
538 926 889 992 Persicum
939 926 1149 989 multo
1197 946 1364 989 auro
1411 924 1776 1011 multisque
1824 925 2143 1011 gemmiS‚
2180 926 2463 1005 dixisse,

375 1039 393 1068 ‘
420 1028 640 1092 Recte
686 1048 849 1092 vero
898 1037 988 1101 te,
1026 1023 1238 1112 Cyre,
1276 1025 1551 1089 beatum
1598 1024 1847 1101 ferunt,
1882 1024 2468 1111 quoniam,‚virtuti

370 1138 526 1192 tuae
560 1128 829 1192 fortuna
862 1126 1225 1213 conjuncta
1256 1124 1407 1189 est.’

457 1240 555 1288 oo.
606 1226 762 1292 Hac
793 1225 1000 1314 igitur
1031 1224 1299 1289 fortuna
1347 1223 1477 1287 frui
1526 1222 1684 1289 lieet
1728 1224 2048 1301 senibus3
2100 1248 2229 1292 nec
2276 1238 2466 1296 aetas
2559 1244 2566 1251 '

370 1328 630 1414 inpedit
681 1347 818 1414 quo
874 1326 1099 1390 minus
1148 1335 1215 1389 et
1268 1336 1648 1388 ceterarum
1703 1345 1931 1389 rerum
1982 1335 2049 1390 et
2102 1327 2172 1390 in
2226 1327 2466 1415 primis

369 1431 520 1515 agri
553 1426 822 1493 colendi
856 1425 1078 1490 studia
1109 1436 1465 1489 teneamus
1498 1445 1712 1509 usque
1739 1424 1827 1489 ad
1853 1425 2162 1490 ultimum
2195 1438 2466 1514 tempus

368 1527 757 1593 senectutis.
826 1524 932 1590 M.
970 1525 1246 1612 quidem
1280 1522 1637 1589 Valerium
1662 1522 2037 1590 Corvinum
2072 1527 2465 1612 accepimus

370 1628 458 1693 ad
521 1627 966 1693 centesimum
1031 1648 1287 1692 annum
1350 1623 1782 1710 perduxisse,
1850 1644 2006 1688 cum
2071 1639 2250 1691 esset
2312 1639 2464 1694 acta

361 1726 506 1816 jam
543 1740 762 1792 aetate
795 1727 865 1792 in
900 1726 1086 1814 agris
1119 1747 1370 1814 eosque
1405 1726 1697 1798 coleret3
1735 1722 1928 1812 cujus
1961 1724 2134 1790 inter
2165 1726 2464 1813 primum

369 1838 436 1893 et
473 1839 743 1892 sextum
784 1828 1211 1908 consulatum
1262 1847 1384 1891 sex
1433 1836 1498 1890 et
1544 1826 2001 1913 quadraginta
2052 1827 2211 1891 anni
2260 1827 2465 1895 inter-

367 1928 661 1992 fuerunt.
792 1927 894 1992 Ita
955 1938 1284 2014 quantum
1348 1926 1643 2012 spatium
1714 1927 1953 1992 aetatis
2017 1928 2311 2015 majores
2374 1929 2464 1995 ad

368 2026 732 2093 senectutis
794 2026 1059 2091 initium
1121 2047 1272 2092 esse
1336 2027 1723 2103 voluerunt,
1772 2038 1999 2093 tantus
2061 2027 2157 2092 illi
2224 2050 2463 2096 cursus

367 2129 703 2193 honorum
747 2127 910 2201 fuit3
962 2138 1162 2215 atque
1206 2127 1409 2216 hujus
1458 2139 1766 2193 extrema
1809 2140 1995 2195 aetas
2041 2129 2172 2195 hoc
2203 2130 2465 2197 beatior

365 2250 572 2315 quam
622 2228 875 2304 media,
924 2229 1109 2315 quod
1156 2229 1571 2295 auctoritatis
1622 2230 1917 2295 habebat
1976 2232 2158 2317 plus,
2209 2232 2465 2299 laboris

368 2328 616 2393 minus.
734 2328 944 2415 Apex
1005 2340 1106 2394 est
1168 2340 1395 2394 autem
1459 2329 1823 2395 senectutis
1887 2331 2275 2397 auctoritas.
2377 2347 2465 2397 61,

369 2426 650 2514 Qanta
683 2429 807 2493 suit
837 2429 906 2493 in
933 2427 1020 2492 L.
1054 2428 1361 2495 Caecilio
1388 2427 1716 2494 Metellol
1750 2441 2005 2516 quanta
2037 2430 2105 2494 in
2130 2428 2221 2495 A.
2251 2429 2464 2498 Atilio

367 2527 727 2594 Calatino!
777 2528 848 2593 in
881 2550 1085 2615 quem
1117 2530 1284 2593 illud
1319 2528 1665 2617 elogium:
1720 2539 1737 2569 ‘
1765 2528 2000 2594 Unum
2034 2529 2221 2594 hunc
2254 2530 2464 2615 pluri-

367 2649 520 2692 mae
546 2628 975 2692 consentiunt
997 2640 1239 2715 gentes
1265 2627 1500 2713 populi
1525 2628 1921 2713 primarium
1957 2627 2166 2693 fuisse
2191 2629 2463 2694 virum.’

365 2727 623 2792 Notum
672 2738 774 2793 est
819 2748 1097 2792 carmen
1145 2727 1437 2793 incisum
1483 2727 1555 2792 in
1603 2728 1942 2812 sepulcro.
2039 2728 2209 2814 Jure
2255 2728 2465 2817 igitur

365 2827 622 2914 graviS‚
659 2826 854 2915 cujus
903 2829 988 2892 de
1035 2828 1352 2893 laudibus
1389 2828 1697 2892 omnium
1732 2839 1910 2893 esset
1955 2827 2139 2892 fama
2173 2850 2464 2895 consen-

365 2927 561 2992 tiens.
665 2926 897 3012 Qem
958 2927 1181 2992 virum
1243 2948 1462 3013 nuper
1525 2926 1607 2991 P.
1676 2926 2005 2993 Crassum
2068 2928 2461 3013 pontificem

366 3028 771 3101 maximum,
829 3048 1034 3113 quem
1092 3037 1327 3111 postea
1383 3024 1489 3090 M.
1541 3025 1887 3112 Lepidum
1936 3028 2178 3092 eodem
2234 3048 2463 3093 sacer-

365 3128 547 3192 dotio
595 3127 1005 3212 praeditum,
1043 3125 1380 3191 vidimus!
1479 3123 1669 3210 Qid
1715 3127 1802 3191 de
1850 3126 2067 3192 Paulo
2116 3137 2233 3191 aut
2281 3125 2462 3192 Afri-

366 3247 539 3290 cano
587 3227 852 3311 loquar,
901 3236 1041 3300 aut,
1092 3237 1166 3290 ut
1203 3226 1348 3313 jam
1398 3236 1581 3302 ante,
1629 3226 1715 3290 de
1763 3223 2123 3291 Maximo?
2167 3247 2459 3313 quorum

363 3347 501 3389 non
549 3324 620 3389 in
667 3326 1000 3390 sententia
1047 3327 1295 3400 solum,
1348 3325 1473 3391 sed
1520 3325 1723 3390 etiam
1783 3324 1855 3388 in
1906 3337 2072 3390 nutu
2119 3325 2461 3391 residebat

366 3424 751 3490 auctoritas.
852 3423 1082 3489 Habet
1113 3436 1454 3499 senectus,
1486 3425 1815 3490 honorata
1849 3425 2274 3510 praesertim,
2309 3435 2461 3490 tan-

364 3536 501 3588 tam
536 3524 1001 3589 auctoritatem
1035 3535 1107 3589 ut
1139 3546 1221 3589 ea
1252 3523 1469 3611 pluris
1517 3524 1602 3590 sit
1647 3544 1857 3611 quam
1897 3545 2138 3590 omnes
2187 3524 2461 3591 adules-

365 3624 627 3687 centiae
660 3623 1065 3706 voluptates.

451 3726 662 3787 xvm.
712 3739 810 3786 62.
871 3720 1016 3787 Sed
1058 3720 1128 3786 in
1161 3721 1347 3788 omni
1379 3721 1683 3788 oratione
1716 3732 2125 3788 mementote
2158 3743 2314 3787 eam
2343 3743 2459 3790 me

363 3833 782 3886 senectutem
845 3821 1128 3886 laudare
1183 3842 1360 3908 quae
1430 3822 1891 3887 fundamentis
1949 3821 2459 3889 adulescentiae

362 3921 720 3987 constituta
764 3921 870 3987 sit.
967 3919 1081 3986 Ex
1134 3943 1267 4007 quo
1321 3920 1608 3986 efficitur
1655 3920 1726 3986 id
1775 3921 1957 4008 quod
2013 3942 2147 4010 ego
2200 3942 2458 4010 magno
