2817 4459
970 460 1145 545 ΟΝ
1234 461 1492 543 OLD
1573 459 1858 543 AGE.

748 692 948 757 CA‘ro
989 694 1260 773 MAJon,
1299 692 1440 753 sive
1480 690 1591 752 DE
1633 690 2075 753 Sannorum.

598 1071 660 1135 O
686 1074 867 1147 Tru-3,
898 1071 953 1133 si
981 1071 1130 1149 quid
1160 1081 1221 1131 te
1251 1071 1507 1151 adjuero
1535 1089 1819 1131 curamve
1847 1070 2094 1131 levasso

599 1162 778 1237 Quae
807 1181 972 1221 nunc
1000 1172 1061 1221 te
1089 1162 1298 1238 coquit
1326 1171 1390 1221 et
1417 1169 1624 1220 versat
1652 1161 1717 1219 in
1745 1169 1995 1239 pectore
2021 1160 2163 1235 fixa,

602 1253 841 1329 Ecquid
869 1251 986 1311 erit
1011 1251 1288 1329 praemi?

361 1379 560 1447 Licet
589 1381 771 1445 enim
805 1380 972 1444 mihi
998 1380 1310 1446 versibus
1343 1379 1606 1446 eisdem
1638 1379 1857 1464 adfari
1901 1389 1995 1456 te,
2030 1377 2286 1457 Attice,
2313 1375 2464 1468 qui·-

361 1481 490 1546 bus
524 1479 795 1545 adfatur
825 1478 1297 1544 Flamininum

600 1619 719 1680 Ille
746 1619 840 1679 vir
865 1618 1032 1679 haud
1059 1637 1284 1697 magna
1310 1637 1449 1680 cum
1476 1637 1563 1694 re,
1592 1618 1704 1680 sed
1731 1620 1955 1697 plenus
1982 1619 2144 1679 fidei.

366 1747 810 1837 Qamquam
845 1759 1030 1815 certo
1062 1748 1233 1825 scio,
1269 1770 1435 1826 non,
1471 1760 1547 1815 ut
1577 1748 2074 1824 Flamininum,

600 1887 930 1950 Sollicitari
956 1898 1038 1962 te,
1067 1888 1227 1963 Tite,
1257 1886 1349 1948 sic
1374 1863 1699 1965 noctisque
1727 1888 1982 1964 diesque
2004 1909 2027 1963 3

361 2018 522 2085 novi
583 2018 769 2085 enim
832 2016 1375 2084 moderationem
1439 2017 1652 2083 animi
1710 2017 1810 2082 tui
1878 2027 1947 2082 et
2020 2016 2459 2104 aequitatem,

360 2129 563 2206 teque
617 2139 758 2184 non
805 2138 1199 2205 cognomen
1246 2118 1472 2183 solum
1518 2116 1813 2182 Athenis
1861 2118 2285 2202 deportasse,
2338 2118 2464 2183 sed

362 2218 855 2283 humanitatem
913 2227 982 2282 et
1034 2217 1470 2303 prudentiam
1525 2216 1877 2304 intellego.
1976 2215 2067 2281 Et
2113 2227 2346 2282 tamen
2394 2227 2462 2283 te

363 2316 674 2402 suspicor
705 2316 967 2382 eisdem
1000 2316 1207 2382 rebus
1239 2316 1488 2404 quibus
1527 2315 1868 2402 meipsum
1914 2314 2256 2380 interdum
2302 2337 2464 2403 gra-

360 2416 514 2482 vius
547 2416 989 2490 commoveri,
1025 2436 1318 2503 quarum
1351 2415 1728 2481 consolatio
1759 2425 1828 2480 et
1866 2414 2087 2503 major
2131 2426 2234 2480 est
2278 2427 2345 2481 et
2389 2416 2461 2481 in

364 2516 552 2581 aliud
583 2526 853 2600 tempus
885 2514 1296 2582 differenda..
1393 2514 1606 2580 Nunc
1636 2524 1865 2579 autern
1896 2514 2118 2578 visum
2152 2524 2256 2580 est
2293 2515 2461 2580 mihi

362 2616 451 2681 de
497 2625 845 2681 senectute
892 2613 1290 2701 aliquid.ad
1329 2624 1396 2680 te
1431 2613 1885 2679 conscribere.
1980 2626 2039 2673 2.
2088 2614 2245 2680 Hoc
2276 2615 2462 2680 enim

362 2735 571 2779 onere
596 2713 782 2801 quod
808 2713 977 2777 mihi
1001 2734 1366 2796 commune
1385 2725 1614 2778 tecum
1638 2722 1768 2788 est,
1792 2721 1911 2778 aut
1931 2711 2080 2800 jam
2103 2714 2460 2801 urguentis

362 2827 482 2880 aut
536 2825 720 2881 certe
776 2815 1209 2880 adventantis
1263 2816 1656 2891 senectutis,
1711 2824 1778 2879 et
1829 2825 1895 2879 te
1950 2824 2019 2879 et
2069 2835 2181 2880 me
2233 2816 2461 2901 ipsum

362 2915 579 2981 levari
627 2915 828 2979 volo:
893 2915 1019 2979 etsi
1067 2924 1135 2979 te
1184 2914 1465 3001 quidem
1515 2914 1588 2979 id
1636 2913 1905 2979 modice
1959 2934 2042 2979 ac
2090 2914 2457 3000 sapienter,

363 3014 538 3080 sicut
582 3013 840 3089 omnia,
877 3024 946 3078 et
989 3013 1167 3078 serre
1215 3023 1282 3078 et
1322 3014 1618 3078 laturum
1651 3033 1803 3078 esse
1836 3022 2021 3078 certo
2054 3013 2219 3078 scio.
2317 3013 2462 3081 Sed

364 3113 559 3189 mihi,
609 3133 770 3177 cum
832 3112 919 3178 de
981 3123 1330 3178 senectute
1375 3114 1629 3177 vellem
1691 3112 1953 3199 aliquid
2013 3113 2338 3191 scribere,
2387 3125 2460 3180 tu

362 3211 774 3279 occurrebas
835 3211 1088 3299 dignus
1149 3231 1232 3277 eo
1289 3232 1572 3276 munere
1627 3233 1763 3299 quo
1818 3221 2101 3299 uterque
2154 3223 2461 3296 nostrum

363 3302 818 3380 communiter
847 3323 1172 3378 uteretur.
1270 3313 1453 3377 Mihi
1485 3313 1762 3400 quidem
1795 3313 1888 3378 ita
1911 3313 2220 3402 jucunda
2260 3314 2463 3403 hujus

364 3413 520 3480 libri
552 3413 887 3479 confectio
919 3413 1068 3488 suit,
1103 3423 1179 3477 ut
1213 3434 1353 3478 non
1400 3413 1606 3478 modo
1652 3412 1875 3478 omnis
1926 3413 2313 3478 absterserit
2358 3434 2466 3479 se-

364 3512 654 3579 nectutis
686 3512 1060 3590 molestiaS,
1092 3512 1215 3577 sed
1248 3511 1552 3577 effecerit
1583 3512 1862 3576 mollem
1896 3511 2101 3575 etiam
2127 3521 2194 3576 et
2216 3510 2476 3599 jucun-'

367 3615 527 3679 dam
560 3623 1006 3678 senectutem.
1090 3610 1492 3697 Numquam
1527 3611 1734 3699 igitur
1762 3611 2030 3676 laudari
2064 3611 2225 3676 satis
2252 3612 2463 3699 digne

367 3712 802 3800 philosophia
835 3710 1102 3797 poterit,
1132 3710 1244 3775 cui
1276 3710 1392 3797 qui
1425 3720 1664 3797 pareat
1693 3732 1896 3776 omne
1927 3721 2197 3795 tempus
2223 3711 2463 3778 aetatis

368 3813 516 3878 sine
562 3811 872 3877 molestia
916 3809 1131 3896 possit
1158 3811 1443 3898 degere.
1540 3824 1597 3870 3.
1644 3809 1789 3876 Sed
1821 3810 1906 3874 de
1940 3798 2195 3875 ceteris*
2214 3821 2282 3874 et
2313 3809 2463 3875 dix-

367 3912 546 3977 imus
595 3912 832 3987 multa,
869 3921 937 3975 et
981 3903 1190 3995 saepe
1238 3909 1588 3975 dicemus:
1639 3910 1826 3974 hunc
1871 3909 2120 3975 librum
2144 3906 2244 3975 'ad
2274 3920 2341 3975 te
2373 3910 2460 3976 de

1355 4013 1378 4052 Ι
