2817 4459
378 289 502 330 x1v.
526 275 641 348 46.]
886 276 1507 366 Compam'onshz‘ps
1539 279 1633 365 of
1658 278 1772 344 the
1814 276 1973 341 Old.
2395 290 2475 360 17

380 496 518 539 non
569 474 775 542 modo
823 473 1230 560 vituperatio
1285 475 1504 561 nulla,
1560 475 1681 540 sed
1740 474 1942 540 etiam
2001 494 2268 538 summa
2324 474 2475 538 laus

377 576 741 640 senectutis
789 587 916 648 est,
955 575 1153 662 quod
1185 596 1265 639 ea
1304 576 1688 660 voluptates
1721 574 1945 638 nullas
1979 595 2235 661 magno
2268 595 2476 658 opere

376 675 742 739 desiderat.
857 673 1069 739 Caret
1116 674 1337 759 epulis
1385 674 1880 763 exstructisque
1929 674 2184 737 mensis
2233 685 2297 737 et
2344 673 2476 736 sre-

374 775 736 860 quentibus
799 773 1087 866 poculis.
1204 772 1415 839 Caret
1476 791 1643 861 ergo
1707 774 1911 838 etiarn
1973 757 2344 836 vinulentia
2411 784 2477 837 et

375 867 704 939 cruditate
759 885 827 939 et
881 873 1262 938 insomniis.
1361 874 1505 939 Sed
1570 874 1625 938 si
1692 872 1947 959 aliquid
2012 873 2316 937 dandum
2374 884 2475 938 est

372 973 728 1059 voluptati,
757 973 1084 1060 quoniam
1111 972 1259 1060 ejus
1284 972 1632 1038 blanditiis
1658 996 1795 1037 non
1823 973 2024 1036 facile
2050 972 2467 1048 obsistimuS,
2522 1059 2527 1064 .

201 1093 213 1101 ·
260 1063 311 1142 J·
371 1073 710 1138 —divine
760 1073 943 1138 enim
991 1071 1188 1137 Plato
1237 1093 1467 1136 escam
1517 1073 1855 1136 malorum
1892 1072 2206 1156 appellat
2236 1072 2473 1184 vtolup-

371 1182 604 1248 tatem,
641 1174 825 1260 quod
859 1193 943 1237 ea
973 1148 1327 1237 videlicet
1333 1172 1647 1237 homines
1695 1172 2052 1256 capiantur
2097 1183 2172 1235 ut
2219 1171 2467 1257 pisceS‚

368 1293 879 1358 -quamquam
906 1271 1349 1336 inmoderatis
1371 1272 1591 1357 epulis
1613 1284 1798 1335 caret
1819 1284 2157 1345 senectus,
2184 1272 2470 1335 modicis

368 1381 600 1436 tamen
645 1371 976 1435 conviviis
1009 1370 1335 1435 delectari
1366 1382 1612 1457 potest.
1710 1369 1791 1435 C.
1828 1370 2208 1443 Duellium,
2246 1369 2471 1433 Marci

369 1471 615 1544 filium,
662 1470 778 1557 qui
831 1468 1100 1534 Poenos
1134 1471 1354 1534 classe
1388 1470 1648 1555 primus
1674 1470 2041 1543 devicerat,
2071 1471 2470 1534 redeuntem

370 1590 412 1635 a
460 1591 633 1635 cena
681 1590 917 1639 senem
966 1590 1174 1653 saepe
1206 1569 1526 1635 videbam
1567 1590 1779 1654 puer;
1828 1569 2294 1634 delectabatur
2326 1589 2484 1634 cre-³.

366 1670 491 1735 bro
523 1669 738 1734 funali
772 1680 837 1734 et
868 1668 1170 1743 tibicine,
1206 1690 1385 1756 quae
1421 1667 1546 1733 sibi
1581 1669 1769 1733 nullo
1803 1667 2121 1753 exemplo
2168 1668 2470 1753 privatus

370 1780 794 1855 sumpserat:
858 1779 1121 1834 tantum
1186 1768 1502 1834 licentiae
1565 1769 1773 1832 dabat
1833 1768 2079 1855 gloria.
2175 1781 2265 1827 45.
2328 1767 2472 1833 Sed

370 1870 533 1957 quid
567 1891 698 1958 ego
733 1867 947 1933 alios?
1038 1867 1154 1933 Ad
1188 1868 1525 1954 meipsum
1561 1868 1706 1955 jam
1741 1879 2063 1932 revertar.
2161 1866 2472 1933 Primum

369 1969 578 2033 habui
612 1990 882 2053 semper
914 1969 1187 2033 sodalis.
1270 1966 1681 2033 Sodalitates
1717 1978 1942 2032 autem
1977 1990 2085 2031 me
2111 1978 2470 2054 quaestore

368 2069 771 2134 constitutae
797 2079 980 2143 sunt,
1011 2068 1225 2133 sacris
1259 2067 1487 2133 Idaeis
1521 2067 1833 2155 Magnae
1866 2065 2112 2132 Matris
2140 2068 2464 2152 acceptis.

367 2167 723 2253 Epulabar
776 2168 984 2254 igitur
1017 2189 1198 2233 curn
1254 2167 1605 2232 sodalibus
1659 2167 1938 2232 omnino
1994 2167 2286 2242 modice,
2347 2167 2470 2232 sed

368 2278 516 2332 erat
567 2268 850 2354 quidam
905 2266 1132 2331 fervor
1187 2266 1456 2342 aetatis,
1511 2287 1647 2353 qua
1702 2266 2183 2352 progrediente
2238 2266 2470 2333 omnia

368 2366 586 2430 fiun't
569 2388 638 2430 m
673 2366 820 2431 dies
854 2366 1145 2432 mitiora.
1241 2365 1493 2453 Neque
1540 2365 1722 2430 enirn
1772 2365 2072 2451 ipsorum
2122 2366 2470 2432 convivio-

367 2487 518 2530 rum
567 2466 1089 2529 delectationem
1129 2465 1592 2550 voluptatibus
1638 2464 1941 2549 corporis
1989 2464 2212 2551 magis
2258 2486 2468 2552 quam

258 2599 271 2610 ι
316 2567 325 2574 ‘
369 2576 563 2630 coetu
599 2564 975 2629 amicorum
1011 2576 1077 2629 et
1120 2564 1549 2630 sermonibus
1594 2564 1946 2661 metiebar.
2045 2562 2235 2656 Bene
2284 2565 2468 2629 enim

368 2664 662 2760 majores
711 2664 1209 2728 accubitionem
1258 2664 1612 2775 epularem
1654 2655 2060 2739 amicorum,
2092 2664 2253 2750 quia
2287 2666 2467 2730 vitae

370 2759 920 2852 conjunct1onem
955 2764 1262 2847 haberet,
1299 2762 1691 2828 convivium
1726 2763 2290 2840 nominaverunt3
2325 2786 2468 2830 me-

369 2865 500 2931 lius
547 2855 753 2951 q'uarn
804 2862 1057 2928 Graeci
1105 2862 1221 2950 qui
1287 2863 1421 2927 hoc
1466 2855 1649 2926 idem
1711 2872 1855 2927 tum
1918 2847 2466 2947 conpotationem

363 2974 507 3028 turn
572 2963 1136 3028 concenationem
1192 2973 1483 3036 vocant3
1546 2972 1621 3026 ut
1682 2960 1867 3048 quod
1929 2961 1999 3025 in
2062 2982 2145 3027 eo
2208 2984 2465 3050 genere

365 3063 724 3127 minimum
771 3072 873 3127 est
918 3062 990 3128 id
1040 3061 1340 3127 maxime
1388 3061 1681 3147 probare
1727 3060 2111 3126 videantur.

452 3183 604 3228 xlv.
683 3179 778 3227 46.
841 3161 997 3264 Ego
1029 3183 1192 3254 vero
1240 3172 1517 3247 propter
1559 3157 1895 3228 sermonis
1942 3161 2464 3228 delectationem

364 3262 782 3347 tempestivis
834 3282 1110 3374 quoque
1169 3261 1503 3326 conviviis
1565 3261 1890 3336 delector,
1937 3282 2068 3326 nec
2129 3283 2285 3327 cum
2352 3284 2466 3327 ae-

364 3363 681 3447 qualibus
714 3361 1001 3450 solum,
999 3360 1114 3456 qui
1163 3360 1366 3445 pauci
1418 3360 1787 3425 admodum
1834 3372 2114 3435 restant,
2151 3362 2272 3427 sed
2305 3384 2462 3427 cum

361 3471 588 3525 vestra
621 3459 838 3524 etiarn
866 3469 1088 3523 aetate
1137 3471 1340 3545 atque
1371 3459 1772 3533 vobiscum3
1821 3460 2177 3546 habeoque
2226 3482 2465 3526 senec-

364 3559 503 3622 tuti
521 3577 849 3646 magnam
883 3557 1204 3644 gratiam,
1240 3578 1420 3644 quae
1470 3537 1636 3622 mihi
1686 3559 2022 3623 sermonis
2071 3559 2462 3625 aviditatem

365 3657 555 3721 auxit
607 3657 901 3743 potionis
948 3667 1016 3721 et
1062 3656 1194 3722 cibi
1244 3656 1534 3721 sustulit.
1636 3654 1883 3739 Qod
1891 3657 1947 3721 si
1995 3679 2200 3745 quem
2257 3660 2463 3724 etiam

362 3751 492 3822 ista
543 3758 910 3831 delectant,
947 3776 1035 3820 ne
1083 3756 1376 3820 omnino
1416 3756 1670 3821 bellum
1716 3756 2047 3821 indixisse
2079 3758 2317 3822 videar
2347 3781 2466 3824 vo-

362 3856 629 3941 luptati,
683 3851 878 3943 cujus
940 3857 1043 3919 est
1106 3852 1392 3918 fortasse
1455 3853 1736 3941 quidam
1797 3855 2128 3921 naturalis
2190 3859 2460 3944 modus,

363 3977 500 4022 non
526 3954 852 4044 intellego
871 3973 983 4019 me
1003 3951 1074 4017 in
1090 3951 1234 4018 istis
1256 3943 1592 4040 quidem
1552 3952 1720 4040 1psis
1745 3954 2204 4040 voluptatibus
2229 3976 2462 4022 carere

1402 4072 1436 4110 2

2571 1547 2620 1592 ἱ,
