<?xml version="1.0" encoding="UTF-8"?>
<!DOCTYPE html PUBLIC "-//W3C//DTD XHTML 1.0 Transitional//EN"
    "http://www.w3.org/TR/xhtml1/DTD/xhtml1-transitional.dtd">
<html xmlns="http://www.w3.org/1999/xhtml" xml:lang="en" lang="en">
 <head>
  <title>
</title>
<meta http-equiv="Content-Type" content="text/html;charset=utf-8" />
  <meta name='ocr-system' content='tesseract 3.04.00' />
  <meta name='ocr-capabilities' content='ocr_page ocr_carea ocr_par ocr_line ocrx_word'/>
</head>
<body>
  <div class='ocr_page' id='page_1' title='image "./cicerodesenectu00unkngoog_0023.png"; bbox 0 0 2817 4459; ppageno 0'>
   <div class='ocr_carea' id='block_1_1' title="bbox 16 242 2497 366">
    <p class='ocr_par' dir='ltr' id='par_1_1' title="bbox 16 242 2497 366">
     <span class='ocr_line' id='line_1_1' title="bbox 16 242 2497 366; baseline -0.004 -46"><span class='ocrx_word' id='word_1_1' title='bbox 16 308 47 366; x_wconf 51' lang='grc' dir='ltr'><em>ι</em></span> <span class='ocrx_word' id='word_1_2' title='bbox 381 280 464 322; x_wconf 89' lang='lat' dir='ltr'><strong>-v.</strong></span> <span class='ocrx_word' id='word_1_3' title='bbox 499 266 605 339; x_wconf 82' lang='lat'><strong>13.]</strong></span> <span class='ocrx_word' id='word_1_4' title='bbox 747 244 1016 314; x_wconf 78' lang='lat' dir='ltr'><em>Fabius</em></span> <span class='ocrx_word' id='word_1_5' title='bbox 1045 244 1406 312; x_wconf 80' lang='lat' dir='ltr'><em>Maximus</em></span> <span class='ocrx_word' id='word_1_6' title='bbox 1419 263 1448 326; x_wconf 79' lang='lat'><strong>,⁶</strong></span> <span class='ocrx_word' id='word_1_7' title='bbox 1507 242 1736 310; x_wconf 80' lang='lat' dir='ltr'><em>Greek</em></span> <span class='ocrx_word' id='word_1_8' title='bbox 1786 242 2141 311; x_wconf 67' lang='lat' dir='ltr'><strong>Wortkz‘eS.</strong></span> <span class='ocrx_word' id='word_1_9' title='bbox 2457 261 2497 335; x_wconf 85' lang='lat'>5</span> 
     </span>
    </p>
   </div>
   <div class='ocr_carea' id='block_1_2' title="bbox 16 439 2223 700">
    <p class='ocr_par' dir='ltr' id='par_1_2' title="bbox 16 439 2223 700">
     <span class='ocr_line' id='line_1_2' title="bbox 640 439 2087 516; baseline -0.003 -12"><span class='ocrx_word' id='word_1_10' title='bbox 640 444 823 505; x_wconf 88' lang='lat' dir='ltr'><strong>Unus</strong></span> <span class='ocrx_word' id='word_1_11' title='bbox 852 444 1036 502; x_wconf 90' lang='lat' dir='ltr'><strong>homo</strong></span> <span class='ocrx_word' id='word_1_12' title='bbox 1065 441 1244 501; x_wconf 90' lang='lat' dir='ltr'><strong>nobis</strong></span> <span class='ocrx_word' id='word_1_13' title='bbox 1272 441 1619 500; x_wconf 86' lang='lat' dir='ltr'><strong>cunctando</strong></span> <span class='ocrx_word' id='word_1_14' title='bbox 1647 439 1913 500; x_wconf 84' lang='lat' dir='ltr'><strong>restituit</strong></span> <span class='ocrx_word' id='word_1_15' title='bbox 1939 460 2087 516; x_wconf 88' lang='lat' dir='ltr'><strong>rem,</strong></span> 
     </span>
     <span class='ocr_line' id='line_1_3' title="bbox 16 530 2009 607; baseline -0.001 -15"><span class='ocrx_word' id='word_1_16' title='bbox 16 571 25 576; x_wconf 81' lang='lat'><em>-</em></span> <span class='ocrx_word' id='word_1_17' title='bbox 94 565 113 592; x_wconf 67' lang='grc' dir='ltr'>ι</span> <span class='ocrx_word' id='word_1_18' title='bbox 356 571 361 576; x_wconf 84' lang='lat'><em>·</em></span> <span class='ocrx_word' id='word_1_19' title='bbox 636 535 929 592; x_wconf 86' lang='lat' dir='ltr'><strong>Noenum</strong></span> <span class='ocrx_word' id='word_1_20' title='bbox 958 550 1232 591; x_wconf 90' lang='lat' dir='ltr'><strong>rumores</strong></span> <span class='ocrx_word' id='word_1_21' title='bbox 1260 531 1532 607; x_wconf 89' lang='lat' dir='ltr'><strong>ponebat</strong></span> <span class='ocrx_word' id='word_1_22' title='bbox 1560 538 1704 588; x_wconf 86' lang='lat' dir='ltr'><strong>ante</strong></span> <span class='ocrx_word' id='word_1_23' title='bbox 1733 530 2009 590; x_wconf 88' lang='lat' dir='ltr'><strong>salutem.</strong></span> 
     </span>
     <span class='ocr_line' id='line_1_4' title="bbox 640 618 2223 700; baseline 0.001 -19"><span class='ocrx_word' id='word_1_24' title='bbox 640 623 803 700; x_wconf 91' lang='lat' dir='ltr'><strong>Ergo</strong></span> <span class='ocrx_word' id='word_1_25' title='bbox 831 631 1093 699; x_wconf 87' lang='lat' dir='ltr'><strong>postque</strong></span> <span class='ocrx_word' id='word_1_26' title='bbox 1120 621 1437 697; x_wconf 83' lang='lat' dir='ltr'><strong>magisque</strong></span> <span class='ocrx_word' id='word_1_27' title='bbox 1464 618 1578 677; x_wconf 91' lang='lat' dir='ltr'><strong>viri</strong></span> <span class='ocrx_word' id='word_1_28' title='bbox 1606 638 1769 678; x_wconf 90' lang='lat' dir='ltr'><strong>nunc</strong></span> <span class='ocrx_word' id='word_1_29' title='bbox 1793 619 1991 696; x_wconf 89' lang='lat' dir='ltr'><strong>gloria</strong></span> <span class='ocrx_word' id='word_1_30' title='bbox 2017 620 2223 682; x_wconf 78' lang='lat' dir='ltr'><strong>claret.</strong></span> 
     </span>
    </p>
   </div>
   <div class='ocr_carea' id='block_1_3' title="bbox 11 744 2632 4021">
    <p class='ocr_par' dir='ltr' id='par_1_3' title="bbox 11 744 2505 3026">
     <span class='ocr_line' id='line_1_5' title="bbox 399 744 2497 833; baseline 0.001 -23"><span class='ocrx_word' id='word_1_31' title='bbox 399 762 476 811; x_wconf 87' lang='lat'><strong>11.</strong></span> <span class='ocrx_word' id='word_1_32' title='bbox 519 747 898 813; x_wconf 86' lang='lat' dir='ltr'><strong>Tarentum</strong></span> <span class='ocrx_word' id='word_1_33' title='bbox 931 767 1095 811; x_wconf 91' lang='lat' dir='ltr'><strong>vero</strong></span> <span class='ocrx_word' id='word_1_34' title='bbox 1126 766 1264 832; x_wconf 91' lang='lat' dir='ltr'><strong>qua</strong></span> <span class='ocrx_word' id='word_1_35' title='bbox 1287 744 1673 831; x_wconf 89' lang='lat' dir='ltr'><strong>vigilantia,</strong></span> <span class='ocrx_word' id='word_1_36' title='bbox 1709 764 1845 829; x_wconf 90' lang='lat' dir='ltr'><strong>quo</strong></span> <span class='ocrx_word' id='word_1_37' title='bbox 1878 745 2163 810; x_wconf 89' lang='lat' dir='ltr'><strong>consilio</strong></span> <span class='ocrx_word' id='word_1_38' title='bbox 2196 746 2497 833; x_wconf 72' lang='lat' dir='ltr'><strong>recepit!</strong></span> 
     </span>
     <span class='ocr_line' id='line_1_6' title="bbox 402 843 2498 934; baseline -0 -20"><span class='ocrx_word' id='word_1_39' title='bbox 402 871 559 915; x_wconf 90' lang='lat' dir='ltr'><strong>cum</strong></span> <span class='ocrx_word' id='word_1_40' title='bbox 591 848 870 934; x_wconf 90' lang='lat' dir='ltr'><strong>quidem</strong></span> <span class='ocrx_word' id='word_1_41' title='bbox 906 866 1015 911; x_wconf 88' lang='lat' dir='ltr'><strong>me</strong></span> <span class='ocrx_word' id='word_1_42' title='bbox 1050 844 1368 909; x_wconf 83' lang='lat' dir='ltr'><strong>audiente</strong></span> <span class='ocrx_word' id='word_1_43' title='bbox 1402 843 1801 917; x_wconf 86' lang='lat' dir='ltr'><strong>Salinatori,</strong></span> <span class='ocrx_word' id='word_1_44' title='bbox 1829 844 1945 928; x_wconf 90' lang='lat' dir='ltr'><strong>qui</strong></span> <span class='ocrx_word' id='word_1_45' title='bbox 1968 844 2220 914; x_wconf 89' lang='lat' dir='ltr'><strong>amisso</strong></span> <span class='ocrx_word' id='word_1_46' title='bbox 2244 848 2498 932; x_wconf 91' lang='lat' dir='ltr'><strong>oppido</strong></span> 
     </span>
     <span class='ocr_line' id='line_1_7' title="bbox 399 942 2497 1035; baseline -0.001 -22"><span class='ocrx_word' id='word_1_47' title='bbox 399 949 671 1035; x_wconf 85' lang='lat' dir='ltr'><strong>fugerat</strong></span> <span class='ocrx_word' id='word_1_48' title='bbox 690 945 759 1011; x_wconf 90' lang='lat' dir='ltr'><strong>in</strong></span> <span class='ocrx_word' id='word_1_49' title='bbox 783 966 1033 1021; x_wconf 88' lang='lat' dir='ltr'><strong>arcem,</strong></span> <span class='ocrx_word' id='word_1_50' title='bbox 1057 943 1375 1032; x_wconf 84' lang='lat' dir='ltr'><strong>glorianti</strong></span> <span class='ocrx_word' id='word_1_51' title='bbox 1398 953 1600 1029; x_wconf 90' lang='lat' dir='ltr'><strong>atque</strong></span> <span class='ocrx_word' id='word_1_52' title='bbox 1621 942 1714 1007; x_wconf 91' lang='lat' dir='ltr'><strong>ita</strong></span> <span class='ocrx_word' id='word_1_53' title='bbox 1736 942 2009 1018; x_wconf 88' lang='lat' dir='ltr'><strong>dicenti,</strong></span> <span class='ocrx_word' id='word_1_54' title='bbox 2031 954 2056 983; x_wconf 87' lang='lat'><strong>‘·</strong></span> <span class='ocrx_word' id='word_1_55' title='bbox 2072 942 2241 1008; x_wconf 90' lang='lat' dir='ltr'><strong>Mea</strong></span> <span class='ocrx_word' id='word_1_56' title='bbox 2261 966 2497 1031; x_wconf 88' lang='lat' dir='ltr'><strong>opera,</strong></span> 
     </span>
     <span class='ocr_line' id='line_1_8' title="bbox 402 1035 2496 1131; baseline 0 -21"><span class='ocrx_word' id='word_1_57' title='bbox 402 1046 659 1131; x_wconf 79' lang='lat' dir='ltr'><strong>Qinte</strong></span> <span class='ocrx_word' id='word_1_58' title='bbox 679 1045 874 1121; x_wconf 86' lang='lat' dir='ltr'><strong>Fabi,</strong></span> <span class='ocrx_word' id='word_1_59' title='bbox 895 1044 1274 1109; x_wconf 88' lang='lat' dir='ltr'><strong>Tarentum</strong></span> <span class='ocrx_word' id='word_1_60' title='bbox 1295 1041 1655 1127; x_wconf 64' lang='lat' dir='ltr'><strong>r‘ecepisti?</strong></span> <span class='ocrx_word' id='word_1_61' title='bbox 1698 1051 1717 1081; x_wconf 75' lang='lat'><strong><em>⁶</em></strong></span> <span class='ocrx_word' id='word_1_62' title='bbox 1738 1035 1985 1118; x_wconf 77' lang='lat' dir='ltr'><strong>Certe,&#39;</strong></span> <span class='ocrx_word' id='word_1_63' title='bbox 2003 1041 2222 1129; x_wconf 89' lang='lat' dir='ltr'><strong>inquit</strong></span> <span class='ocrx_word' id='word_1_64' title='bbox 2240 1043 2496 1123; x_wconf 89' lang='lat' dir='ltr'><strong>ridens,</strong></span> 
     </span>
     <span class='ocr_line' id='line_1_9' title="bbox 403 1141 2498 1229; baseline 0 -18"><span class='ocrx_word' id='word_1_65' title='bbox 403 1159 421 1187; x_wconf 81' lang='lat'><strong><em>⁴</em></strong></span> <span class='ocrx_word' id='word_1_66' title='bbox 448 1168 608 1211; x_wconf 90' lang='lat' dir='ltr'><strong>nam</strong></span> <span class='ocrx_word' id='word_1_67' title='bbox 654 1144 782 1210; x_wconf 89' lang='lat' dir='ltr'><strong>nisi</strong></span> <span class='ocrx_word' id='word_1_68' title='bbox 829 1155 903 1209; x_wconf 93' lang='lat' dir='ltr'><strong>tu</strong></span> <span class='ocrx_word' id='word_1_69' title='bbox 951 1142 1323 1217; x_wconf 75' lang='lat' dir='ltr'><strong>amisisses,</strong></span> <span class='ocrx_word' id='word_1_70' title='bbox 1362 1162 1739 1229; x_wconf 89' lang='lat' dir='ltr'><strong>numquam</strong></span> <span class='ocrx_word' id='word_1_71' title='bbox 1786 1141 2249 1227; x_wconf 89' lang='lat' dir='ltr'><strong>recepissem.’</strong></span> <span class='ocrx_word' id='word_1_72' title='bbox 2340 1144 2498 1211; x_wconf 90' lang='lat' dir='ltr'><strong>Nec</strong></span> 
     </span>
     <span class='ocr_line' id='line_1_10' title="bbox 397 1240 2495 1329; baseline 0.001 -20"><span class='ocrx_word' id='word_1_73' title='bbox 397 1267 560 1311; x_wconf 87' lang='lat' dir='ltr'><strong>vero</strong></span> <span class='ocrx_word' id='word_1_74' title='bbox 607 1244 678 1309; x_wconf 90' lang='lat' dir='ltr'><strong>in</strong></span> <span class='ocrx_word' id='word_1_75' title='bbox 728 1243 935 1308; x_wconf 89' lang='lat' dir='ltr'><strong>armis</strong></span> <span class='ocrx_word' id='word_1_76' title='bbox 986 1241 1436 1328; x_wconf 87' lang='lat' dir='ltr'><strong>praestantior</strong></span> <span class='ocrx_word' id='word_1_77' title='bbox 1481 1262 1692 1328; x_wconf 90' lang='lat' dir='ltr'><strong>quam</strong></span> <span class='ocrx_word' id='word_1_78' title='bbox 1737 1240 1809 1306; x_wconf 90' lang='lat' dir='ltr'><strong>in</strong></span> <span class='ocrx_word' id='word_1_79' title='bbox 1854 1252 2045 1329; x_wconf 88' lang='lat' dir='ltr'><strong>toga,</strong></span> <span class='ocrx_word' id='word_1_80' title='bbox 2092 1241 2207 1329; x_wconf 91' lang='lat' dir='ltr'><strong>qui</strong></span> <span class='ocrx_word' id='word_1_81' title='bbox 2255 1245 2495 1311; x_wconf 90' lang='lat' dir='ltr'><strong>consul</strong></span> 
     </span>
     <span class='ocr_line' id='line_1_11' title="bbox 307 1339 2496 1432; baseline 0 -24"><span class='ocrx_word' id='word_1_82' title='bbox 307 1414 317 1423; x_wconf 60' lang='grc'><strong>,</strong></span> <span class='ocrx_word' id='word_1_83' title='bbox 397 1344 675 1423; x_wconf 71' lang='lat' dir='ltr'><strong>iterum,</strong></span> <span class='ocrx_word' id='word_1_84' title='bbox 705 1342 830 1428; x_wconf 89' lang='lat' dir='ltr'><strong>Sp.</strong></span> <span class='ocrx_word' id='word_1_85' title='bbox 879 1340 1185 1407; x_wconf 90' lang='lat' dir='ltr'><strong>Carvilio</strong></span> <span class='ocrx_word' id='word_1_86' title='bbox 1233 1341 1506 1428; x_wconf 85' lang='lat' dir='ltr'><strong>collega</strong></span> <span class='ocrx_word' id='word_1_87' title='bbox 1553 1339 1973 1428; x_wconf 87' lang='lat' dir='ltr'><strong>quiescente,</strong></span> <span class='ocrx_word' id='word_1_88' title='bbox 2012 1339 2099 1406; x_wconf 91' lang='lat' dir='ltr'><strong>C.</strong></span> <span class='ocrx_word' id='word_1_89' title='bbox 2151 1341 2496 1432; x_wconf 87' lang='lat' dir='ltr'><strong>Flaminio</strong></span> 
     </span>
     <span class='ocr_line' id='line_1_12' title="bbox 397 1432 2499 1527; baseline 0 -19"><span class='ocrx_word' id='word_1_90' title='bbox 397 1443 670 1509; x_wconf 91' lang='lat' dir='ltr'><strong>tribuno</strong></span> <span class='ocrx_word' id='word_1_91' title='bbox 694 1432 941 1527; x_wconf 62' lang='lat' dir='ltr'><strong>plebis&#39;</strong></span> <span class='ocrx_word' id='word_1_92' title='bbox 955 1440 1185 1527; x_wconf 91' lang='lat' dir='ltr'><strong>quoad</strong></span> <span class='ocrx_word' id='word_1_93' title='bbox 1216 1440 1431 1525; x_wconf 90' lang='lat' dir='ltr'><strong>potuit</strong></span> <span class='ocrx_word' id='word_1_94' title='bbox 1461 1439 1700 1505; x_wconf 77' lang='lat' dir='ltr'><strong>restitit</strong></span> <span class='ocrx_word' id='word_1_95' title='bbox 1738 1460 1983 1527; x_wconf 90' lang='lat' dir='ltr'><strong>agrum</strong></span> <span class='ocrx_word' id='word_1_96' title='bbox 2031 1439 2384 1508; x_wconf 89' lang='lat' dir='ltr'><strong>Picentem</strong></span> <span class='ocrx_word' id='word_1_97' title='bbox 2432 1453 2499 1509; x_wconf 93' lang='lat' dir='ltr'><strong>et</strong></span> 
     </span>
     <span class='ocr_line' id='line_1_13' title="bbox 399 1539 2495 1634; baseline 0.001 -28"><span class='ocrx_word' id='word_1_98' title='bbox 399 1541 746 1607; x_wconf 86' lang='lat' dir='ltr'><strong>Gallicum</strong></span> <span class='ocrx_word' id='word_1_99' title='bbox 768 1540 1019 1634; x_wconf 69' lang='lat' dir='ltr'><strong>viritim</strong></span> <span class='ocrx_word' id='word_1_100' title='bbox 1047 1550 1283 1605; x_wconf 88' lang='lat' dir='ltr'><strong>contra</strong></span> <span class='ocrx_word' id='word_1_101' title='bbox 1316 1550 1594 1634; x_wconf 77' lang='lat' dir='ltr'><strong>senatus</strong></span> <span class='ocrx_word' id='word_1_102' title='bbox 1621 1539 2089 1605; x_wconf 84' lang='lat' dir='ltr'><strong>auctoritatem</strong></span> <span class='ocrx_word' id='word_1_103' title='bbox 2123 1540 2450 1608; x_wconf 90' lang='lat' dir='ltr'><strong>dividenti</strong></span> <span class='ocrx_word' id='word_1_104' title='bbox 2476 1565 2495 1619; x_wconf 81' lang='lat'>3</span> 
     </span>
     <span class='ocr_line' id='line_1_14' title="bbox 398 1639 2496 1729; baseline 0.002 -23"><span class='ocrx_word' id='word_1_105' title='bbox 398 1662 755 1729; x_wconf 89' lang='lat' dir='ltr'><strong>augurque</strong></span> <span class='ocrx_word' id='word_1_106' title='bbox 789 1661 948 1705; x_wconf 90' lang='lat' dir='ltr'><strong>cum</strong></span> <span class='ocrx_word' id='word_1_107' title='bbox 980 1650 1182 1716; x_wconf 90' lang='lat' dir='ltr'><strong>esset,</strong></span> <span class='ocrx_word' id='word_1_108' title='bbox 1218 1639 1449 1705; x_wconf 90' lang='lat' dir='ltr'><strong>dicere</strong></span> <span class='ocrx_word' id='word_1_109' title='bbox 1483 1660 1688 1703; x_wconf 88' lang='lat' dir='ltr'><strong>ausus</strong></span> <span class='ocrx_word' id='word_1_110' title='bbox 1722 1649 1823 1705; x_wconf 88' lang='lat' dir='ltr'><strong>est</strong></span> <span class='ocrx_word' id='word_1_111' title='bbox 1852 1640 2125 1725; x_wconf 88' lang='lat' dir='ltr'><strong>optimis</strong></span> <span class='ocrx_word' id='word_1_112' title='bbox 2171 1642 2496 1728; x_wconf 89' lang='lat' dir='ltr'><strong>auspiciis</strong></span> 
     </span>
     <span class='ocr_line' id='line_1_15' title="bbox 397 1738 2496 1828; baseline 0 -22"><span class='ocrx_word' id='word_1_113' title='bbox 397 1762 480 1806; x_wconf 91' lang='lat' dir='ltr'><strong>ea</strong></span> <span class='ocrx_word' id='word_1_114' title='bbox 527 1740 676 1828; x_wconf 90' lang='lat' dir='ltr'><strong>geri</strong></span> <span class='ocrx_word' id='word_1_115' title='bbox 723 1760 902 1828; x_wconf 90' lang='lat' dir='ltr'><strong>quae</strong></span> <span class='ocrx_word' id='word_1_116' title='bbox 950 1761 1073 1825; x_wconf 88' lang='lat' dir='ltr'><strong>pro</strong></span> <span class='ocrx_word' id='word_1_117' title='bbox 1120 1738 1219 1805; x_wconf 90' lang='lat' dir='ltr'><strong>rei</strong></span> <span class='ocrx_word' id='word_1_118' title='bbox 1250 1739 1570 1825; x_wconf 88' lang='lat' dir='ltr'><strong>publicae</strong></span> <span class='ocrx_word' id='word_1_119' title='bbox 1603 1739 1821 1804; x_wconf 87' lang='lat' dir='ltr'><strong>salute</strong></span> <span class='ocrx_word' id='word_1_120' title='bbox 1854 1750 2278 1827; x_wconf 89' lang='lat' dir='ltr'><strong>gererentur,</strong></span> <span class='ocrx_word' id='word_1_121' title='bbox 2315 1762 2496 1828; x_wconf 88' lang='lat' dir='ltr'><strong>quae</strong></span> 
     </span>
     <span class='ocr_line' id='line_1_16' title="bbox 396 1839 2489 1926; baseline -0.001 -19"><span class='ocrx_word' id='word_1_122' title='bbox 396 1851 631 1907; x_wconf 88' lang='lat' dir='ltr'><strong>contra</strong></span> <span class='ocrx_word' id='word_1_123' title='bbox 685 1861 830 1906; x_wconf 88' lang='lat' dir='ltr'><strong>rem</strong></span> <span class='ocrx_word' id='word_1_124' title='bbox 886 1839 1236 1926; x_wconf 91' lang='lat' dir='ltr'><strong>publicam</strong></span> <span class='ocrx_word' id='word_1_125' title='bbox 1282 1839 1619 1904; x_wconf 86' lang='lat' dir='ltr'><strong>ferrentur</strong></span> <span class='ocrx_word' id='word_1_126' title='bbox 1665 1850 1901 1905; x_wconf 89' lang='lat' dir='ltr'><strong>contra</strong></span> <span class='ocrx_word' id='word_1_127' title='bbox 1950 1840 2257 1925; x_wconf 88' lang='lat' dir='ltr'><strong>auspicia</strong></span> <span class='ocrx_word' id='word_1_128' title='bbox 2304 1841 2489 1907; x_wconf 86' lang='lat' dir='ltr'><strong>ferri.</strong></span> 
     </span>
     <span class='ocr_line' id='line_1_17' title="bbox 392 1937 2497 2025; baseline 0 -20"><span class='ocrx_word' id='word_1_129' title='bbox 392 1957 479 2005; x_wconf 78' lang='lat'><strong>12.</strong></span> <span class='ocrx_word' id='word_1_130' title='bbox 525 1939 750 2006; x_wconf 89' lang='lat' dir='ltr'><strong>Multa</strong></span> <span class='ocrx_word' id='word_1_131' title='bbox 794 1939 867 2004; x_wconf 88' lang='lat' dir='ltr'><strong>in</strong></span> <span class='ocrx_word' id='word_1_132' title='bbox 914 1960 996 2005; x_wconf 91' lang='lat' dir='ltr'><strong>eo</strong></span> <span class='ocrx_word' id='word_1_133' title='bbox 1027 1937 1175 2005; x_wconf 91' lang='lat' dir='ltr'><strong>viro</strong></span> <span class='ocrx_word' id='word_1_134' title='bbox 1222 1939 1580 2025; x_wconf 90' lang='lat' dir='ltr'><strong>praeclara</strong></span> <span class='ocrx_word' id='word_1_135' title='bbox 1628 1938 1948 2025; x_wconf 88' lang='lat' dir='ltr'><strong>cognovi,</strong></span> <span class='ocrx_word' id='word_1_136' title='bbox 1985 1941 2109 2006; x_wconf 91' lang='lat' dir='ltr'><strong>sed</strong></span> <span class='ocrx_word' id='word_1_137' title='bbox 2155 1940 2327 2006; x_wconf 89' lang='lat' dir='ltr'><strong>nihil</strong></span> <span class='ocrx_word' id='word_1_138' title='bbox 2375 1942 2497 2007; x_wconf 91' lang='lat' dir='ltr'><strong>ad-</strong></span> 
     </span>
     <span class='ocr_line' id='line_1_18' title="bbox 395 2037 2495 2127; baseline 0 -22"><span class='ocrx_word' id='word_1_139' title='bbox 395 2039 773 2106; x_wconf 90' lang='lat' dir='ltr'><strong>mirabilius</strong></span> <span class='ocrx_word' id='word_1_140' title='bbox 805 2059 1013 2127; x_wconf 91' lang='lat' dir='ltr'><strong>quam</strong></span> <span class='ocrx_word' id='word_1_141' title='bbox 1037 2060 1174 2126; x_wconf 91' lang='lat' dir='ltr'><strong>quo</strong></span> <span class='ocrx_word' id='word_1_142' title='bbox 1201 2040 1404 2105; x_wconf 89' lang='lat' dir='ltr'><strong>modo</strong></span> <span class='ocrx_word' id='word_1_143' title='bbox 1429 2037 1546 2104; x_wconf 92' lang='lat' dir='ltr'><strong>ille</strong></span> <span class='ocrx_word' id='word_1_144' title='bbox 1570 2050 1856 2104; x_wconf 90' lang='lat' dir='ltr'><strong>mortem</strong></span> <span class='ocrx_word' id='word_1_145' title='bbox 1881 2039 1980 2104; x_wconf 87' lang='lat' dir='ltr'><strong>fili</strong></span> <span class='ocrx_word' id='word_1_146' title='bbox 2004 2039 2155 2106; x_wconf 89' lang='lat' dir='ltr'><strong>tulit</strong></span> <span class='ocrx_word' id='word_1_147' title='bbox 2177 2040 2344 2105; x_wconf 92' lang='lat' dir='ltr'><strong>clari</strong></span> <span class='ocrx_word' id='word_1_148' title='bbox 2368 2041 2495 2106; x_wconf 90' lang='lat' dir='ltr'><strong>viri</strong></span> 
     </span>
     <span class='ocr_line' id='line_1_19' title="bbox 11 2138 2496 2228; baseline -0 -22"><span class='ocrx_word' id='word_1_149' title='bbox 11 2151 52 2186; x_wconf 85' lang='lat'><strong>&#39;¹</strong></span> <span class='ocrx_word' id='word_1_150' title='bbox 394 2150 463 2206; x_wconf 89' lang='lat' dir='ltr'><strong>et</strong></span> <span class='ocrx_word' id='word_1_151' title='bbox 487 2139 890 2207; x_wconf 87' lang='lat' dir='ltr'><strong>consularis.</strong></span> <span class='ocrx_word' id='word_1_152' title='bbox 958 2138 1082 2205; x_wconf 91' lang='lat' dir='ltr'><strong>Est</strong></span> <span class='ocrx_word' id='word_1_153' title='bbox 1104 2139 1177 2203; x_wconf 88' lang='lat' dir='ltr'><strong>in</strong></span> <span class='ocrx_word' id='word_1_154' title='bbox 1203 2138 1522 2204; x_wconf 89' lang='lat' dir='ltr'><strong>manibus</strong></span> <span class='ocrx_word' id='word_1_155' title='bbox 1546 2138 1875 2214; x_wconf 87' lang='lat' dir='ltr'><strong>laudatio,</strong></span> <span class='ocrx_word' id='word_1_156' title='bbox 1902 2160 2111 2226; x_wconf 89' lang='lat' dir='ltr'><strong>quam</strong></span> <span class='ocrx_word' id='word_1_157' title='bbox 2139 2160 2296 2205; x_wconf 89' lang='lat' dir='ltr'><strong>cum</strong></span> <span class='ocrx_word' id='word_1_158' title='bbox 2323 2140 2496 2228; x_wconf 91' lang='lat' dir='ltr'><strong>legi-</strong></span> 
     </span>
     <span class='ocr_line' id='line_1_20' title="bbox 394 2237 2496 2328; baseline 0 -22"><span class='ocrx_word' id='word_1_159' title='bbox 394 2262 575 2317; x_wconf 89' lang='lat' dir='ltr'><strong>mus,</strong></span> <span class='ocrx_word' id='word_1_160' title='bbox 602 2252 808 2328; x_wconf 88' lang='lat' dir='ltr'><strong>quem</strong></span> <span class='ocrx_word' id='word_1_161' title='bbox 834 2238 1320 2327; x_wconf 80' lang='lat' dir='ltr'><strong>philosophum</strong></span> <span class='ocrx_word' id='word_1_162' title='bbox 1347 2260 1488 2303; x_wconf 89' lang='lat' dir='ltr'><strong>non</strong></span> <span class='ocrx_word' id='word_1_163' title='bbox 1517 2237 2063 2305; x_wconf 88' lang='lat' dir='ltr'><strong>contemnimus?</strong></span> <span class='ocrx_word' id='word_1_164' title='bbox 2152 2238 2309 2304; x_wconf 93' lang='lat' dir='ltr'><strong>Nec</strong></span> <span class='ocrx_word' id='word_1_165' title='bbox 2332 2261 2496 2306; x_wconf 92' lang='lat' dir='ltr'><strong>vero</strong></span> 
     </span>
     <span class='ocr_line' id='line_1_21' title="bbox 393 2337 2497 2427; baseline -0 -21"><span class='ocrx_word' id='word_1_166' title='bbox 393 2341 510 2407; x_wconf 92' lang='lat' dir='ltr'><strong>ille</strong></span> <span class='ocrx_word' id='word_1_167' title='bbox 556 2340 629 2406; x_wconf 87' lang='lat' dir='ltr'><strong>in</strong></span> <span class='ocrx_word' id='word_1_168' title='bbox 675 2340 831 2406; x_wconf 92' lang='lat' dir='ltr'><strong>luce</strong></span> <span class='ocrx_word' id='word_1_169' title='bbox 879 2340 1084 2406; x_wconf 90' lang='lat' dir='ltr'><strong>modo</strong></span> <span class='ocrx_word' id='word_1_170' title='bbox 1133 2351 1335 2427; x_wconf 90' lang='lat' dir='ltr'><strong>atque</strong></span> <span class='ocrx_word' id='word_1_171' title='bbox 1369 2338 1441 2403; x_wconf 91' lang='lat' dir='ltr'><strong>in</strong></span> <span class='ocrx_word' id='word_1_172' title='bbox 1474 2337 1691 2404; x_wconf 87' lang='lat' dir='ltr'><strong>oculis</strong></span> <span class='ocrx_word' id='word_1_173' title='bbox 1724 2338 1976 2403; x_wconf 91' lang='lat' dir='ltr'><strong>civium</strong></span> <span class='ocrx_word' id='word_1_174' title='bbox 2011 2358 2334 2427; x_wconf 81' lang='lat' dir='ltr'><strong>magnuS,</strong></span> <span class='ocrx_word' id='word_1_175' title='bbox 2374 2340 2497 2405; x_wconf 90' lang='lat' dir='ltr'><strong>sed</strong></span> 
     </span>
     <span class='ocr_line' id='line_1_22' title="bbox 391 2436 2505 2528; baseline -0.001 -23"><span class='ocrx_word' id='word_1_176' title='bbox 391 2440 574 2507; x_wconf 88' lang='lat' dir='ltr'><strong>intus</strong></span> <span class='ocrx_word' id='word_1_177' title='bbox 620 2439 943 2528; x_wconf 86' lang='lat' dir='ltr'><strong>domique</strong></span> <span class='ocrx_word' id='word_1_178' title='bbox 989 2438 1464 2526; x_wconf 85' lang='lat' dir='ltr'><strong>praestantior.</strong></span> <span class='ocrx_word' id='word_1_179' title='bbox 1566 2436 1710 2524; x_wconf 79' lang='lat' dir='ltr'><strong>Qi</strong></span> <span class='ocrx_word' id='word_1_180' title='bbox 1757 2436 2023 2503; x_wconf 81' lang='lat' dir='ltr'><strong>sermo!</strong></span> <span class='ocrx_word' id='word_1_181' title='bbox 2072 2459 2251 2524; x_wconf 91' lang='lat' dir='ltr'><strong>quae</strong></span> <span class='ocrx_word' id='word_1_182' title='bbox 2298 2447 2505 2524; x_wconf 79' lang='lat' dir='ltr'><strong>prae-&#39;</strong></span> 
     </span>
     <span class='ocr_line' id='line_1_23' title="bbox 393 2536 2494 2628; baseline -0.002 -22"><span class='ocrx_word' id='word_1_183' title='bbox 393 2550 591 2627; x_wconf 92' lang='lat' dir='ltr'><strong>cepta</strong></span> <span class='ocrx_word' id='word_1_184' title='bbox 617 2539 634 2605; x_wconf 73' lang='lat'>1</span> <span class='ocrx_word' id='word_1_185' title='bbox 674 2551 929 2628; x_wconf 89' lang='lat' dir='ltr'><strong>quanta</strong></span> <span class='ocrx_word' id='word_1_186' title='bbox 949 2539 1186 2606; x_wconf 87' lang='lat' dir='ltr'><strong>notitia</strong></span> <span class='ocrx_word' id='word_1_187' title='bbox 1206 2537 1647 2626; x_wconf 79' lang='lat' dir='ltr'><strong>antiquitatiS‚</strong></span> <span class='ocrx_word' id='word_1_188' title='bbox 1671 2536 1955 2603; x_wconf 88' lang='lat' dir='ltr'><strong>scientia</strong></span> <span class='ocrx_word' id='word_1_189' title='bbox 1982 2537 2156 2626; x_wconf 89' lang='lat' dir='ltr'><strong>juris</strong></span> <span class='ocrx_word' id='word_1_190' title='bbox 2179 2537 2451 2625; x_wconf 88' lang='lat' dir='ltr'><strong>augurii</strong></span> <span class='ocrx_word' id='word_1_191' title='bbox 2477 2536 2494 2603; x_wconf 83' lang='lat' dir='ltr'><strong>l</strong></span> 
     </span>
     <span class='ocr_line' id='line_1_24' title="bbox 392 2631 2498 2705; baseline 0 -1"><span class='ocrx_word' id='word_1_192' title='bbox 392 2638 660 2705; x_wconf 87' lang='lat' dir='ltr'><strong>Multae</strong></span> <span class='ocrx_word' id='word_1_193' title='bbox 706 2640 912 2704; x_wconf 88' lang='lat' dir='ltr'><strong>etiarn</strong></span> <span class='ocrx_word' id='word_1_194' title='bbox 957 2649 1033 2705; x_wconf 91' lang='lat' dir='ltr'><strong>ut</strong></span> <span class='ocrx_word' id='word_1_195' title='bbox 1076 2638 1149 2703; x_wconf 92' lang='lat' dir='ltr'><strong>in</strong></span> <span class='ocrx_word' id='word_1_196' title='bbox 1193 2639 1472 2703; x_wconf 90' lang='lat' dir='ltr'><strong>homine</strong></span> <span class='ocrx_word' id='word_1_197' title='bbox 1506 2637 1828 2704; x_wconf 88' lang='lat' dir='ltr'><strong>Romano</strong></span> <span class='ocrx_word' id='word_1_198' title='bbox 1860 2631 2146 2702; x_wconf 81' lang='lat' dir='ltr'><strong>litterae.</strong></span> <span class='ocrx_word' id='word_1_199' title='bbox 2242 2636 2498 2704; x_wconf 88' lang='lat' dir='ltr'><strong>Omnia</strong></span> 
     </span>
     <span class='ocr_line' id='line_1_25' title="bbox 393 2736 2497 2813; baseline -0 -10"><span class='ocrx_word' id='word_1_200' title='bbox 393 2739 724 2804; x_wconf 89' lang='lat' dir='ltr'><strong>memoria</strong></span> <span class='ocrx_word' id='word_1_201' title='bbox 755 2739 1054 2813; x_wconf 88' lang='lat' dir='ltr'><strong>tenebat,</strong></span> <span class='ocrx_word' id='word_1_202' title='bbox 1089 2759 1227 2804; x_wconf 89' lang='lat' dir='ltr'><strong>non</strong></span> <span class='ocrx_word' id='word_1_203' title='bbox 1261 2737 1637 2804; x_wconf 87' lang='lat' dir='ltr'><strong>domestica</strong></span> <span class='ocrx_word' id='word_1_204' title='bbox 1684 2738 1905 2803; x_wconf 90' lang='lat' dir='ltr'><strong>solum</strong></span> <span class='ocrx_word' id='word_1_205' title='bbox 1953 2736 2075 2802; x_wconf 91' lang='lat' dir='ltr'><strong>sed</strong></span> <span class='ocrx_word' id='word_1_206' title='bbox 2125 2736 2328 2802; x_wconf 88' lang='lat' dir='ltr'><strong>etiarn</strong></span> <span class='ocrx_word' id='word_1_207' title='bbox 2378 2759 2497 2802; x_wconf 89' lang='lat' dir='ltr'><strong>ex-</strong></span> 
     </span>
     <span class='ocr_line' id='line_1_26' title="bbox 391 2836 2498 2927; baseline -0 -24"><span class='ocrx_word' id='word_1_208' title='bbox 391 2849 585 2904; x_wconf 90' lang='lat' dir='ltr'><strong>terna</strong></span> <span class='ocrx_word' id='word_1_209' title='bbox 647 2838 848 2903; x_wconf 88' lang='lat' dir='ltr'><strong>bella.</strong></span> <span class='ocrx_word' id='word_1_210' title='bbox 943 2837 1163 2927; x_wconf 89' lang='lat' dir='ltr'><strong>Cujus</strong></span> <span class='ocrx_word' id='word_1_211' title='bbox 1224 2857 1542 2903; x_wconf 90' lang='lat' dir='ltr'><strong>sermone</strong></span> <span class='ocrx_word' id='word_1_212' title='bbox 1595 2837 1689 2902; x_wconf 89' lang='lat' dir='ltr'><strong>ita</strong></span> <span class='ocrx_word' id='word_1_213' title='bbox 1732 2846 1877 2901; x_wconf 89' lang='lat' dir='ltr'><strong>tum</strong></span> <span class='ocrx_word' id='word_1_214' title='bbox 1926 2836 2175 2922; x_wconf 90' lang='lat' dir='ltr'><strong>cupide</strong></span> <span class='ocrx_word' id='word_1_215' title='bbox 2221 2837 2498 2910; x_wconf 88' lang='lat' dir='ltr'><strong>fruebar</strong></span> 
     </span>
     <span class='ocr_line' id='line_1_27' title="bbox 393 2934 2497 3026; baseline 0.001 -24"><span class='ocrx_word' id='word_1_216' title='bbox 393 2937 587 3025; x_wconf 90' lang='lat' dir='ltr'><strong>quasi</strong></span> <span class='ocrx_word' id='word_1_217' title='bbox 614 2937 761 3026; x_wconf 88' lang='lat' dir='ltr'><strong>jam</strong></span> <span class='ocrx_word' id='word_1_218' title='bbox 792 2934 1200 3013; x_wconf 86' lang='lat' dir='ltr'><strong>divinarem,</strong></span> <span class='ocrx_word' id='word_1_219' title='bbox 1236 2937 1306 3002; x_wconf 91' lang='lat' dir='ltr'><strong>id</strong></span> <span class='ocrx_word' id='word_1_220' title='bbox 1339 2937 1524 3024; x_wconf 91' lang='lat' dir='ltr'><strong>quod</strong></span> <span class='ocrx_word' id='word_1_221' title='bbox 1556 2936 1807 3013; x_wconf 89' lang='lat' dir='ltr'><strong>evenit,</strong></span> <span class='ocrx_word' id='word_1_222' title='bbox 1835 2936 1953 3003; x_wconf 90' lang='lat' dir='ltr'><strong>illo</strong></span> <span class='ocrx_word' id='word_1_223' title='bbox 1984 2936 2318 3004; x_wconf 86' lang='lat' dir='ltr'><strong>exstincto</strong></span> <span class='ocrx_word' id='word_1_224' title='bbox 2350 2937 2497 3004; x_wconf 87' lang='lat' dir='ltr'><strong>fore</strong></span> 
     </span>
    </p>

    <p class='ocr_par' dir='ltr' id='par_1_4' title="bbox 11 3028 2632 4021">
     <span class='ocr_line' id='line_1_28' title="bbox 391 3028 2632 3102; baseline -0.003 0"><span class='ocrx_word' id='word_1_225' title='bbox 391 3037 576 3102; x_wconf 89' lang='lat' dir='ltr'><strong>unde</strong></span> <span class='ocrx_word' id='word_1_226' title='bbox 608 3036 944 3102; x_wconf 87' lang='lat' dir='ltr'><strong>discerem</strong></span> <span class='ocrx_word' id='word_1_227' title='bbox 981 3036 1351 3101; x_wconf 89' lang='lat' dir='ltr'><strong>neminem.</strong></span> <span class='ocrx_word' id='word_1_228' title='bbox 2501 3028 2632 3095; x_wconf 61' lang='lat' dir='ltr'><em>s</em></span> 
     </span>
     <span class='ocr_line' id='line_1_29' title="bbox 482 3133 2498 3223; baseline 0 -22"><span class='ocrx_word' id='word_1_229' title='bbox 482 3156 558 3201; x_wconf 87' lang='lat' dir='ltr'><strong>v.</strong></span> <span class='ocrx_word' id='word_1_230' title='bbox 622 3151 707 3199; x_wconf 78' lang='lat'><strong>13.</strong></span> <span class='ocrx_word' id='word_1_231' title='bbox 757 3134 1071 3221; x_wconf 79' lang='lat' dir='ltr'><strong>Qorsus</strong></span> <span class='ocrx_word' id='word_1_232' title='bbox 1103 3135 1310 3223; x_wconf 87' lang='lat' dir='ltr'><strong>igitur</strong></span> <span class='ocrx_word' id='word_1_233' title='bbox 1341 3136 1519 3201; x_wconf 89' lang='lat' dir='ltr'><strong>haec</strong></span> <span class='ocrx_word' id='word_1_234' title='bbox 1551 3145 1689 3201; x_wconf 88' lang='lat' dir='ltr'><strong>tam</strong></span> <span class='ocrx_word' id='word_1_235' title='bbox 1739 3135 1953 3200; x_wconf 83' lang='lat' dir='ltr'><strong>multa</strong></span> <span class='ocrx_word' id='word_1_236' title='bbox 2002 3135 2089 3202; x_wconf 90' lang='lat' dir='ltr'><strong>de</strong></span> <span class='ocrx_word' id='word_1_237' title='bbox 2137 3133 2498 3201; x_wconf 86' lang='lat' dir='ltr'><strong>Maximo?</strong></span> 
     </span>
     <span class='ocr_line' id='line_1_30' title="bbox 397 3233 2497 3321; baseline 0.002 -23"><span class='ocrx_word' id='word_1_238' title='bbox 397 3233 586 3321; x_wconf 79' lang='lat' dir='ltr'><strong>Qia</strong></span> <span class='ocrx_word' id='word_1_239' title='bbox 618 3235 920 3321; x_wconf 87' lang='lat' dir='ltr'><strong>profecto</strong></span> <span class='ocrx_word' id='word_1_240' title='bbox 951 3235 1194 3300; x_wconf 89' lang='lat' dir='ltr'><strong>videtis</strong></span> <span class='ocrx_word' id='word_1_241' title='bbox 1239 3233 1437 3300; x_wconf 87' lang='lat' dir='ltr'><strong>nefas</strong></span> <span class='ocrx_word' id='word_1_242' title='bbox 1486 3255 1638 3299; x_wconf 89' lang='lat' dir='ltr'><strong>esse</strong></span> <span class='ocrx_word' id='word_1_243' title='bbox 1684 3235 1867 3300; x_wconf 88' lang='lat' dir='ltr'><strong>dictu</strong></span> <span class='ocrx_word' id='word_1_244' title='bbox 1918 3234 2238 3302; x_wconf 89' lang='lat' dir='ltr'><strong>miseram</strong></span> <span class='ocrx_word' id='word_1_245' title='bbox 2287 3236 2497 3302; x_wconf 89' lang='lat' dir='ltr'><strong>fuisse</strong></span> 
     </span>
     <span class='ocr_line' id='line_1_31' title="bbox 11 3335 2498 3420; baseline 0.002 -24"><span class='ocrx_word' id='word_1_246' title='bbox 11 3337 55 3384; x_wconf 54' lang='grc' dir='ltr'><strong>Β</strong></span> <span class='ocrx_word' id='word_1_247' title='bbox 393 3336 599 3398; x_wconf 89' lang='lat' dir='ltr'><strong>talem</strong></span> <span class='ocrx_word' id='word_1_248' title='bbox 634 3343 1093 3407; x_wconf 83' lang='lat' dir='ltr'><strong>senectutem3</strong></span> <span class='ocrx_word' id='word_1_249' title='bbox 1144 3354 1275 3398; x_wconf 89' lang='lat' dir='ltr'><strong>nec</strong></span> <span class='ocrx_word' id='word_1_250' title='bbox 1305 3344 1538 3399; x_wconf 89' lang='lat' dir='ltr'><strong>tamen</strong></span> <span class='ocrx_word' id='word_1_251' title='bbox 1571 3355 1811 3399; x_wconf 88' lang='lat' dir='ltr'><strong>omnes</strong></span> <span class='ocrx_word' id='word_1_252' title='bbox 1845 3345 2131 3420; x_wconf 90' lang='lat' dir='ltr'><strong>possunt</strong></span> <span class='ocrx_word' id='word_1_253' title='bbox 2163 3357 2312 3400; x_wconf 88' lang='lat' dir='ltr'><strong>esse</strong></span> <span class='ocrx_word' id='word_1_254' title='bbox 2346 3335 2498 3400; x_wconf 90' lang='lat' dir='ltr'><strong>Sci-</strong></span> 
     </span>
     <span class='ocr_line' id='line_1_32' title="bbox 395 3431 2504 3521; baseline 0.002 -26"><span class='ocrx_word' id='word_1_255' title='bbox 395 3432 633 3518; x_wconf 90' lang='lat' dir='ltr'><strong>piones</strong></span> <span class='ocrx_word' id='word_1_256' title='bbox 667 3443 782 3498; x_wconf 92' lang='lat' dir='ltr'><strong>aut</strong></span> <span class='ocrx_word' id='word_1_257' title='bbox 806 3431 1128 3507; x_wconf 88' lang='lat' dir='ltr'><strong>Maximi,</strong></span> <span class='ocrx_word' id='word_1_258' title='bbox 1156 3443 1231 3497; x_wconf 91' lang='lat' dir='ltr'><strong>ut</strong></span> <span class='ocrx_word' id='word_1_259' title='bbox 1251 3432 1525 3498; x_wconf 91' lang='lat' dir='ltr'><strong>urbium</strong></span> <span class='ocrx_word' id='word_1_260' title='bbox 1554 3434 2126 3521; x_wconf 87' lang='lat' dir='ltr'><strong>expugnationes,</strong></span> <span class='ocrx_word' id='word_1_261' title='bbox 2154 3445 2229 3499; x_wconf 91' lang='lat' dir='ltr'><strong>ut</strong></span> <span class='ocrx_word' id='word_1_262' title='bbox 2253 3435 2504 3520; x_wconf 87' lang='lat' dir='ltr'><strong>pedes·</strong></span> 
     </span>
     <span class='ocr_line' id='line_1_33' title="bbox 393 3531 2497 3620; baseline 0.001 -24"><span class='ocrx_word' id='word_1_263' title='bbox 393 3531 513 3596; x_wconf 89' lang='lat' dir='ltr'><strong>tris</strong></span> <span class='ocrx_word' id='word_1_264' title='bbox 545 3531 898 3596; x_wconf 88' lang='lat' dir='ltr'><strong>navalisve</strong></span> <span class='ocrx_word' id='word_1_265' title='bbox 931 3551 1230 3618; x_wconf 81' lang='lat' dir='ltr'><strong>pugnaS,</strong></span> <span class='ocrx_word' id='word_1_266' title='bbox 1258 3542 1333 3596; x_wconf 91' lang='lat' dir='ltr'><strong>ut</strong></span> <span class='ocrx_word' id='word_1_267' title='bbox 1362 3532 1546 3596; x_wconf 91' lang='lat' dir='ltr'><strong>bella</strong></span> <span class='ocrx_word' id='word_1_268' title='bbox 1580 3552 1620 3596; x_wconf 94' lang='lat' dir='ltr'><strong>a</strong></span> <span class='ocrx_word' id='word_1_269' title='bbox 1652 3554 1726 3597; x_wconf 91' lang='lat' dir='ltr'><strong>se</strong></span> <span class='ocrx_word' id='word_1_270' title='bbox 1761 3542 1983 3620; x_wconf 91' lang='lat' dir='ltr'><strong>gesta,</strong></span> <span class='ocrx_word' id='word_1_271' title='bbox 2012 3543 2086 3597; x_wconf 93' lang='lat' dir='ltr'><strong>ut</strong></span> <span class='ocrx_word' id='word_1_272' title='bbox 2116 3533 2497 3618; x_wconf 89' lang='lat' dir='ltr'><strong>triumphos</strong></span> 
     </span>
     <span class='ocr_line' id='line_1_34' title="bbox 395 3628 2499 3720; baseline 0.001 -26"><span class='ocrx_word' id='word_1_273' title='bbox 395 3631 858 3696; x_wconf 88' lang='lat' dir='ltr'><strong>recordentur.</strong></span> <span class='ocrx_word' id='word_1_274' title='bbox 956 3628 1083 3695; x_wconf 90' lang='lat' dir='ltr'><strong>Est</strong></span> <span class='ocrx_word' id='word_1_275' title='bbox 1112 3629 1316 3695; x_wconf 87' lang='lat' dir='ltr'><strong>etiarn</strong></span> <span class='ocrx_word' id='word_1_276' title='bbox 1350 3630 1575 3717; x_wconf 90' lang='lat' dir='ltr'><strong>quiete</strong></span> <span class='ocrx_word' id='word_1_277' title='bbox 1609 3642 1676 3697; x_wconf 89' lang='lat' dir='ltr'><strong>et</strong></span> <span class='ocrx_word' id='word_1_278' title='bbox 1706 3653 1874 3718; x_wconf 92' lang='lat' dir='ltr'><strong>pure</strong></span> <span class='ocrx_word' id='word_1_279' title='bbox 1909 3642 2111 3719; x_wconf 91' lang='lat' dir='ltr'><strong>atque</strong></span> <span class='ocrx_word' id='word_1_280' title='bbox 2145 3634 2499 3720; x_wconf 84' lang='lat' dir='ltr'><strong>eleganter</strong></span> 
     </span>
     <span class='ocr_line' id='line_1_35' title="bbox 219 3713 2496 3862; baseline 0.001 -69.017"><span class='ocrx_word' id='word_1_281' title='bbox 219 3713 387 3862; x_wconf 41' lang='lat' dir='ltr'><strong>95²*ss</strong></span> <span class='ocrx_word' id='word_1_282' title='bbox 391 3726 590 3794; x_wconf 86' lang='lat' dir='ltr'><strong>actae</strong></span> <span class='ocrx_word' id='word_1_283' title='bbox 623 3728 860 3795; x_wconf 88' lang='lat' dir='ltr'><strong>aetatis</strong></span> <span class='ocrx_word' id='word_1_284' title='bbox 894 3729 1167 3815; x_wconf 90' lang='lat' dir='ltr'><strong>placida</strong></span> <span class='ocrx_word' id='word_1_285' title='bbox 1200 3750 1282 3794; x_wconf 92' lang='lat' dir='ltr'><strong>ac</strong></span> <span class='ocrx_word' id='word_1_286' title='bbox 1314 3730 1488 3795; x_wconf 87' lang='lat' dir='ltr'><strong>lenis</strong></span> <span class='ocrx_word' id='word_1_287' title='bbox 1522 3742 1861 3806; x_wconf 77' lang='lat' dir='ltr'><strong>senectuS,</strong></span> <span class='ocrx_word' id='word_1_288' title='bbox 1898 3731 2177 3817; x_wconf 84' lang='lat' dir='ltr'><strong>qualern</strong></span> <span class='ocrx_word' id='word_1_289' title='bbox 2225 3731 2496 3817; x_wconf 87' lang='lat' dir='ltr'><strong>accepi-</strong></span> 
     </span>
     <span class='ocr_line' id='line_1_36' title="bbox 130 3813 2500 3941; baseline 0.002 -50.017"><span class='ocrx_word' id='word_1_290' title='bbox 130 3813 247 3902; x_wconf 52' lang='grc' dir='ltr'><strong>ὒὲῗ</strong></span> <span class='ocrx_word' id='word_1_291' title='bbox 396 3849 549 3893; x_wconf 88' lang='lat' dir='ltr'><strong>mus</strong></span> <span class='ocrx_word' id='word_1_292' title='bbox 582 3826 914 3904; x_wconf 81' lang='lat' dir='ltr'><strong>PlatoniS,</strong></span> <span class='ocrx_word' id='word_1_293' title='bbox 951 3828 1067 3915; x_wconf 91' lang='lat' dir='ltr'><strong>qui</strong></span> <span class='ocrx_word' id='word_1_294' title='bbox 1099 3850 1239 3894; x_wconf 90' lang='lat' dir='ltr'><strong>uno</strong></span> <span class='ocrx_word' id='word_1_295' title='bbox 1272 3839 1339 3893; x_wconf 89' lang='lat' dir='ltr'><strong>et</strong></span> <span class='ocrx_word' id='word_1_296' title='bbox 1368 3829 1790 3941; x_wconf 79' lang='lat' dir='ltr'><strong>octogesimo</strong></span> <span class='ocrx_word' id='word_1_297' title='bbox 1824 3850 2005 3893; x_wconf 89' lang='lat' dir='ltr'><strong>anno</strong></span> <span class='ocrx_word' id='word_1_298' title='bbox 2045 3830 2349 3895; x_wconf 87' lang='lat' dir='ltr'><strong>scribens</strong></span> <span class='ocrx_word' id='word_1_299' title='bbox 2397 3839 2500 3895; x_wconf 92' lang='lat' dir='ltr'><strong>est</strong></span> 
     </span>
     <span class='ocr_line' id='line_1_37' title="bbox 11 3914 2498 4021; baseline 0.001 -31"><span class='ocrx_word' id='word_1_300' title='bbox 11 3914 147 4021; x_wconf 55' lang='grc' dir='ltr'>’.ζρζ</span> <span class='ocrx_word' id='word_1_301' title='bbox 397 3938 742 4004; x_wconf 83' lang='lat' dir='ltr'><strong>mortuus3</strong></span> <span class='ocrx_word' id='word_1_302' title='bbox 791 3928 1069 4017; x_wconf 87' lang='lat' dir='ltr'><strong>qualem</strong></span> <span class='ocrx_word' id='word_1_303' title='bbox 1102 3927 1447 4004; x_wconf 82' lang='lat' dir='ltr'><strong>IsocratiS,</strong></span> <span class='ocrx_word' id='word_1_304' title='bbox 1483 3927 1601 4016; x_wconf 90' lang='lat' dir='ltr'><strong>qui</strong></span> <span class='ocrx_word' id='word_1_305' title='bbox 1634 3948 1793 3993; x_wconf 90' lang='lat' dir='ltr'><strong>eum</strong></span> <span class='ocrx_word' id='word_1_306' title='bbox 1824 3928 2073 3995; x_wconf 89' lang='lat' dir='ltr'><strong>librum</strong></span> <span class='ocrx_word' id='word_1_307' title='bbox 2111 3928 2228 4015; x_wconf 91' lang='lat' dir='ltr'><strong>qui</strong></span> <span class='ocrx_word' id='word_1_308' title='bbox 2262 3929 2498 3997; x_wconf 80' lang='lat' dir='ltr'><strong>Pana-</strong></span> 
     </span>
    </p>
   </div>
   <div class='ocr_carea' id='block_1_4' title="bbox 11 913 194 1151">
    <p class='ocr_par' dir='ltr' id='par_1_5' title="bbox 11 913 194 1151">
     <span class='ocr_line' id='line_1_38' title="bbox 11 913 89 1114; textangle 90"><span class='ocrx_word' id='word_1_309' title='bbox 11 913 89 1114; x_wconf 57' lang='grc' dir='ltr'><strong>,Ψ</strong></span> 
     </span>
     <span class='ocr_line' id='line_1_39' title="bbox 180 1062 194 1151; textangle 90"><span class='ocrx_word' id='word_1_310' title='bbox 190 1147 194 1151; x_wconf 85' lang='grc'><strong>,</strong></span> <span class='ocrx_word' id='word_1_311' title='bbox 180 1062 190 1072; x_wconf 88' lang='grc'><strong>.</strong></span> 
     </span>
    </p>
   </div>
  </div>
 </body>
</html>
