2817 4459
314 288 400 357 32
1155 270 1262 340 On
1306 270 1450 340 Old
1472 270 1656 361 Age.
2050 269 2226 343 [CAT.
2256 272 2413 341 MAJ.

312 490 545 535 meum
584 490 822 536 casum
869 468 1127 536 fortiter
1172 469 1351 536 ferre
1382 469 1572 536 visus
1606 492 1783 547 sum,
1820 491 1959 535 non
2010 492 2146 558 quo
2196 492 2417 559 aequo

314 568 544 634 animo
576 570 851 646 ferrem,
888 571 1011 636 sed
1043 592 1154 636 me
1189 571 1336 657 ipse
1379 572 1789 637 consolabar
1820 571 2245 637 existumans
2277 594 2419 637 non

313 669 768 757 longinquum
803 670 978 735 inter
1009 693 1134 735 nos
1167 670 1558 759 digressum
1591 683 1657 736 et
1688 672 2066 737 discessum
2102 671 2270 737 sore.

401 786 495 834 86.
544 770 675 835 His
708 769 875 835 mihi
909 770 1137 846 rebuS,
1176 769 1439 856 Scipio,
1460 772 1642 836 -id
1674 772 1857 836 enim
1890 782 1957 837 te
1990 793 2147 837 cum
2174 771 2421 837 Laelio

315 871 638 937 admirari
671 871 890 936 solere
924 870 1180 947 dixisti,
1208 871 1490 936 —levis
1523 882 1625 936 est
1655 883 1997 947 senectuS,
2034 892 2163 937 nec
2196 874 2422 937 solum

314 993 453 1036 non
485 972 773 1037 molesta
805 970 927 1036 sed
960 969 1164 1036 etiam
1190 971 1526 1059 jucunda.
1625 969 1835 1055 Qod
1868 971 1924 1036 si
1970 971 2038 1035 in
2075 972 2206 1037 hoc
2238 993 2416 1047 err0,

314 1070 431 1158 qui
481 1070 747 1135 animos
796 1068 1152 1135 hominum
1214 1069 1595 1136 inmortalis
1643 1091 1794 1135 esse
1842 1072 2147 1146 credam,
2204 1072 2422 1137 liben-

314 1181 418 1236 ter
468 1191 619 1237 erro
644 1192 662 1245 ;
711 1190 843 1235 nec
893 1169 1059 1234 mihi
1117 1168 1303 1234 hunc
1346 1191 1675 1246 errorem,
1710 1191 1847 1258 quo
1890 1171 2216 1246 delector,
2255 1171 2422 1235 dum

314 1270 473 1336 vivo
505 1269 892 1357 extorqueri
924 1270 1105 1336 volo.
1205 1267 1333 1335 Sin
1364 1281 1697 1346 mortuus,
1731 1279 1806 1334 ut
1851 1270 2132 1357 quidam
2181 1268 2423 1335 minuti

317 1370 709 1457 philosophi
742 1380 1048 1444 censent,
1085 1368 1256 1434 nihil
1305 1369 1622 1445 sentiam,
1661 1390 1798 1435 non
1832 1391 2073 1435 vereor
2115 1392 2203 1435 ne
2238 1371 2425 1435 hunc

318 1490 621 1536 errorem
653 1491 884 1535 meum
918 1469 1310 1556 philosophi
1345 1468 1592 1535 mortui
1636 1469 2000 1535 inrideant.
2102 1467 2313 1555 Qod
2365 1469 2425 1535 si

317 1591 457 1635 non
505 1591 742 1635 sumus
788 1569 1187 1635 inmortales
1232 1568 1467 1645 futuri,
1503 1579 1734 1634 tamen
1770 1570 2117 1656 exstingui
2161 1568 2425 1635 homini

320 1691 444 1736 suo
489 1680 799 1756 tempore
846 1668 1147 1754 optabile
1196 1679 1317 1733 est.
1410 1668 1599 1733 Nam
1636 1670 1842 1734 habet
1875 1681 2117 1734 natura
2152 1680 2225 1734 ut
2257 1669 2426 1733 alia-

319 1791 470 1835 rum
528 1791 756 1834 rerum
807 1768 1141 1845 omnium,
1201 1767 1301 1833 sic
1345 1767 1624 1833 vivendi
1675 1770 1980 1834 modurn.
2087 1768 2427 1834 Senectus

322 1880 550 1935 autem
614 1868 853 1934 aetatis
916 1877 1018 1933 est
1080 1866 1382 1953 peractio
1443 1879 1797 1955 tamquam
1864 1868 2168 1944 fabulae,
2229 1869 2427 1956 cujus

320 1967 876 2056 defetigationem
938 1967 1182 2056 sugere
1227 1967 1587 2045 debemuS,
1639 1968 2043 2054 praesertim
2101 1968 2427 2057 adjuncta

323 2069 655 2135 satietate.

416 2168 617 2235 Haec
670 2166 878 2235 habui
930 2166 1019 2232 de
1065 2177 1415 2233 senectute
1461 2188 1639 2254 quae
1682 2166 2009 2243 dicerem,
2071 2168 2163 2233 ad
2217 2189 2428 2255 quam

320 2270 584 2335 utinam
616 2267 1053 2355 perveniatis,
1089 2278 1164 2332 ut
1208 2288 1293 2332 ea
1340 2288 1520 2357 quae
1559 2289 1649 2334 ex
1693 2288 1805 2334 me
1849 2267 2159 2344 audistiS,
2187 2288 2261 2333 re
2309 2289 2430 2333 ex-

322 2369 522 2458 perti,
556 2368 848 2456 probare
878 2365 1171 2455 possitis.
